;; -*- mode: org; mode: beancount; -*-
;; Birth: 1980-05-12
;; Dates: 2022-01-01 - 2024-10-24
;; THIS FILE HAS BEEN AUTO-GENERATED.
* Options

option "title" "Example Beancount file"
option "operating_currency" "USD"




* Commodities


1792-01-01 commodity USD
  name: "US Dollar"
  export: "CASH"

1900-01-01 commodity VMMXX
  export: "MUTF:VMMXX (MONEY:USD)"

1980-05-12 commodity VACHR
  name: "Employer Vacation Hours"
  export: "IGNORE"

1980-05-12 commodity IRAUSD
  name: "US 401k and IRA Contributions"
  export: "IGNORE"

1995-09-18 commodity VBMPX
  name: "Vanguard Total Bond Market Index Fund Institutional Plus Shares"
  export: "MUTF:VBMPX"
  price: "USD:google/MUTF:VBMPX"

2004-01-20 commodity ITOT
  name: "iShares Core S&P Total U.S. Stock Market ETF"
  export: "NYSEARCA:ITOT"
  price: "USD:google/NYSEARCA:ITOT"

2004-01-26 commodity VHT
  name: "Vanguard Health Care ETF"
  export: "NYSEARCA:VHT"
  price: "USD:google/NYSEARCA:VHT"

2004-11-01 commodity GLD
  name: "SPDR Gold Trust (ETF)"
  export: "NYSEARCA:GLD"
  price: "USD:google/NYSEARCA:GLD"

2007-07-20 commodity VEA
  name: "Vanguard FTSE Developed Markets ETF"
  export: "NYSEARCA:VEA"
  price: "USD:google/NYSEARCA:VEA"

2009-05-01 commodity RGAGX
  name: "American Funds The Growth Fund of America Class R-6"
  export: "MUTF:RGAGX"
  price: "USD:google/MUTF:RGAGX"



* Equity Accounts

1980-05-12 open Equity:Opening-Balances
1980-05-12 open Liabilities:AccountsPayable



* Banking

2022-01-01 open Assets:US:BofA
  institution: "Bank of America"
  address: "123 America Street, LargeTown, USA"
  phone: "+1.012.345.6789"
2022-01-01 open Assets:US:BofA:Checking                        USD
  account: "00234-48574897"

2022-01-01 * "Opening Balance for checking account"
  Assets:US:BofA:Checking                         4259.92 USD
  Equity:Opening-Balances                        -4259.92 USD

2022-01-02 balance Assets:US:BofA:Checking        4259.92 USD

2022-01-03 * "RiverBank Properties" "Paying the rent"
  Assets:US:BofA:Checking                        -2400.00 USD
  Expenses:Home:Rent                              2400.00 USD

2022-01-04 * "BANK FEES" "Monthly bank fee"
  Assets:US:BofA:Checking                           -4.00 USD
  Expenses:Financial:Fees                            4.00 USD

2022-01-09 * "EDISON POWER" ""
  Assets:US:BofA:Checking                          -65.00 USD
  Expenses:Home:Electricity                         65.00 USD

2022-01-20 * "Verizon Wireless" ""
  Assets:US:BofA:Checking                          -56.44 USD
  Expenses:Home:Phone                               56.44 USD

2022-01-23 balance Assets:US:BofA:Checking        4298.57 USD

2022-01-23 * "Wine-Tarner Cable" ""
  Assets:US:BofA:Checking                          -80.06 USD
  Expenses:Home:Internet                            80.06 USD

2022-02-03 * "RiverBank Properties" "Paying the rent"
  Assets:US:BofA:Checking                        -2400.00 USD
  Expenses:Home:Rent                              2400.00 USD

2022-02-04 * "BANK FEES" "Monthly bank fee"
  Assets:US:BofA:Checking                           -4.00 USD
  Expenses:Financial:Fees                            4.00 USD

2022-02-08 * "EDISON POWER" ""
  Assets:US:BofA:Checking                          -65.00 USD
  Expenses:Home:Electricity                         65.00 USD

2022-02-19 * "Verizon Wireless" ""
  Assets:US:BofA:Checking                          -53.33 USD
  Expenses:Home:Phone                               53.33 USD

2022-02-21 balance Assets:US:BofA:Checking        3690.11 USD

2022-02-22 * "Wine-Tarner Cable" ""
  Assets:US:BofA:Checking                          -80.04 USD
  Expenses:Home:Internet                            80.04 USD

2022-03-04 * "BANK FEES" "Monthly bank fee"
  Assets:US:BofA:Checking                           -4.00 USD
  Expenses:Financial:Fees                            4.00 USD

2022-03-04 * "RiverBank Properties" "Paying the rent"
  Assets:US:BofA:Checking                        -2400.00 USD
  Expenses:Home:Rent                              2400.00 USD

2022-03-09 * "EDISON POWER" ""
  Assets:US:BofA:Checking                          -65.00 USD
  Expenses:Home:Electricity                         65.00 USD

2022-03-13 balance Assets:US:BofA:Checking        1796.95 USD

2022-03-18 * "Verizon Wireless" ""
  Assets:US:BofA:Checking                          -68.48 USD
  Expenses:Home:Phone                               68.48 USD

2022-03-22 * "Wine-Tarner Cable" ""
  Assets:US:BofA:Checking                          -79.85 USD
  Expenses:Home:Internet                            79.85 USD

2022-04-04 * "BANK FEES" "Monthly bank fee"
  Assets:US:BofA:Checking                           -4.00 USD
  Expenses:Financial:Fees                            4.00 USD

2022-04-05 * "RiverBank Properties" "Paying the rent"
  Assets:US:BofA:Checking                        -2400.00 USD
  Expenses:Home:Rent                              2400.00 USD

2022-04-09 * "EDISON POWER" ""
  Assets:US:BofA:Checking                          -65.00 USD
  Expenses:Home:Electricity                         65.00 USD

2022-04-11 balance Assets:US:BofA:Checking        1277.17 USD

2022-04-19 * "Verizon Wireless" ""
  Assets:US:BofA:Checking                          -52.36 USD
  Expenses:Home:Phone                               52.36 USD

2022-04-22 * "Wine-Tarner Cable" ""
  Assets:US:BofA:Checking                          -80.13 USD
  Expenses:Home:Internet                            80.13 USD

2022-05-03 balance Assets:US:BofA:Checking        3845.88 USD

2022-05-04 * "BANK FEES" "Monthly bank fee"
  Assets:US:BofA:Checking                           -4.00 USD
  Expenses:Financial:Fees                            4.00 USD

2022-05-06 * "RiverBank Properties" "Paying the rent"
  Assets:US:BofA:Checking                        -2400.00 USD
  Expenses:Home:Rent                              2400.00 USD

2022-05-09 * "EDISON POWER" ""
  Assets:US:BofA:Checking                          -65.00 USD
  Expenses:Home:Electricity                         65.00 USD

2022-05-19 * "Verizon Wireless" ""
  Assets:US:BofA:Checking                          -70.90 USD
  Expenses:Home:Phone                               70.90 USD

2022-05-21 * "Wine-Tarner Cable" ""
  Assets:US:BofA:Checking                          -79.88 USD
  Expenses:Home:Internet                            79.88 USD

2022-06-01 balance Assets:US:BofA:Checking        3336.43 USD

2022-06-04 * "BANK FEES" "Monthly bank fee"
  Assets:US:BofA:Checking                           -4.00 USD
  Expenses:Financial:Fees                            4.00 USD

2022-06-04 * "RiverBank Properties" "Paying the rent"
  Assets:US:BofA:Checking                        -2400.00 USD
  Expenses:Home:Rent                              2400.00 USD

2022-06-08 * "EDISON POWER" ""
  Assets:US:BofA:Checking                          -65.00 USD
  Expenses:Home:Electricity                         65.00 USD

2022-06-19 * "Verizon Wireless" ""
  Assets:US:BofA:Checking                          -62.72 USD
  Expenses:Home:Phone                               62.72 USD

2022-06-23 * "Wine-Tarner Cable" ""
  Assets:US:BofA:Checking                          -80.00 USD
  Expenses:Home:Internet                            80.00 USD

2022-07-01 balance Assets:US:BofA:Checking        2558.48 USD

2022-07-04 * "BANK FEES" "Monthly bank fee"
  Assets:US:BofA:Checking                           -4.00 USD
  Expenses:Financial:Fees                            4.00 USD

2022-07-05 * "RiverBank Properties" "Paying the rent"
  Assets:US:BofA:Checking                        -2400.00 USD
  Expenses:Home:Rent                              2400.00 USD

2022-07-09 * "EDISON POWER" ""
  Assets:US:BofA:Checking                          -65.00 USD
  Expenses:Home:Electricity                         65.00 USD

2022-07-20 * "Verizon Wireless" ""
  Assets:US:BofA:Checking                          -56.99 USD
  Expenses:Home:Phone                               56.99 USD

2022-07-23 * "Wine-Tarner Cable" ""
  Assets:US:BofA:Checking                          -80.04 USD
  Expenses:Home:Internet                            80.04 USD

2022-07-26 balance Assets:US:BofA:Checking        2591.45 USD

2022-08-03 * "RiverBank Properties" "Paying the rent"
  Assets:US:BofA:Checking                        -2400.00 USD
  Expenses:Home:Rent                              2400.00 USD

2022-08-04 * "BANK FEES" "Monthly bank fee"
  Assets:US:BofA:Checking                           -4.00 USD
  Expenses:Financial:Fees                            4.00 USD

2022-08-08 * "EDISON POWER" ""
  Assets:US:BofA:Checking                          -65.00 USD
  Expenses:Home:Electricity                         65.00 USD

2022-08-19 * "Verizon Wireless" ""
  Assets:US:BofA:Checking                          -83.73 USD
  Expenses:Home:Phone                               83.73 USD

2022-08-19 * "Transfering accumulated savings to other account"
  Assets:US:BofA:Checking                           -3000 USD
  Assets:US:ETrade:Cash                              3000 USD

2022-08-23 * "Wine-Tarner Cable" ""
  Assets:US:BofA:Checking                          -80.05 USD
  Expenses:Home:Internet                            80.05 USD

2022-08-25 balance Assets:US:BofA:Checking         916.74 USD

2022-09-04 * "BANK FEES" "Monthly bank fee"
  Assets:US:BofA:Checking                           -4.00 USD
  Expenses:Financial:Fees                            4.00 USD

2022-09-06 * "RiverBank Properties" "Paying the rent"
  Assets:US:BofA:Checking                        -2400.00 USD
  Expenses:Home:Rent                              2400.00 USD

2022-09-08 * "EDISON POWER" ""
  Assets:US:BofA:Checking                          -65.00 USD
  Expenses:Home:Electricity                         65.00 USD

2022-09-17 balance Assets:US:BofA:Checking        2781.32 USD

2022-09-19 * "Verizon Wireless" ""
  Assets:US:BofA:Checking                          -56.77 USD
  Expenses:Home:Phone                               56.77 USD

2022-09-23 * "Wine-Tarner Cable" ""
  Assets:US:BofA:Checking                          -79.92 USD
  Expenses:Home:Internet                            79.92 USD

2022-10-04 * "BANK FEES" "Monthly bank fee"
  Assets:US:BofA:Checking                           -4.00 USD
  Expenses:Financial:Fees                            4.00 USD

2022-10-05 * "RiverBank Properties" "Paying the rent"
  Assets:US:BofA:Checking                        -2400.00 USD
  Expenses:Home:Rent                              2400.00 USD

2022-10-09 * "EDISON POWER" ""
  Assets:US:BofA:Checking                          -65.00 USD
  Expenses:Home:Electricity                         65.00 USD

2022-10-11 balance Assets:US:BofA:Checking        2066.60 USD

2022-10-14 * "Transfering accumulated savings to other account"
  Assets:US:BofA:Checking                           -3500 USD
  Assets:US:ETrade:Cash                              3500 USD

2022-10-20 * "Verizon Wireless" ""
  Assets:US:BofA:Checking                          -66.32 USD
  Expenses:Home:Phone                               66.32 USD

2022-10-21 * "Wine-Tarner Cable" ""
  Assets:US:BofA:Checking                          -80.00 USD
  Expenses:Home:Internet                            80.00 USD

2022-11-03 * "RiverBank Properties" "Paying the rent"
  Assets:US:BofA:Checking                        -2400.00 USD
  Expenses:Home:Rent                              2400.00 USD

2022-11-04 * "BANK FEES" "Monthly bank fee"
  Assets:US:BofA:Checking                           -4.00 USD
  Expenses:Financial:Fees                            4.00 USD

2022-11-07 balance Assets:US:BofA:Checking        1117.48 USD

2022-11-08 * "EDISON POWER" ""
  Assets:US:BofA:Checking                          -65.00 USD
  Expenses:Home:Electricity                         65.00 USD

2022-11-18 * "Verizon Wireless" ""
  Assets:US:BofA:Checking                          -69.47 USD
  Expenses:Home:Phone                               69.47 USD

2022-11-22 * "Wine-Tarner Cable" ""
  Assets:US:BofA:Checking                          -79.96 USD
  Expenses:Home:Internet                            79.96 USD

2022-11-30 balance Assets:US:BofA:Checking        5282.37 USD

2022-12-03 * "RiverBank Properties" "Paying the rent"
  Assets:US:BofA:Checking                        -2400.00 USD
  Expenses:Home:Rent                              2400.00 USD

2022-12-04 * "BANK FEES" "Monthly bank fee"
  Assets:US:BofA:Checking                           -4.00 USD
  Expenses:Financial:Fees                            4.00 USD

2022-12-08 * "EDISON POWER" ""
  Assets:US:BofA:Checking                          -65.00 USD
  Expenses:Home:Electricity                         65.00 USD

2022-12-18 * "Verizon Wireless" ""
  Assets:US:BofA:Checking                          -74.43 USD
  Expenses:Home:Phone                               74.43 USD

2022-12-22 * "Wine-Tarner Cable" ""
  Assets:US:BofA:Checking                          -80.05 USD
  Expenses:Home:Internet                            80.05 USD

2022-12-24 balance Assets:US:BofA:Checking        7576.07 USD

2023-01-04 * "BANK FEES" "Monthly bank fee"
  Assets:US:BofA:Checking                           -4.00 USD
  Expenses:Financial:Fees                            4.00 USD

2023-01-04 * "RiverBank Properties" "Paying the rent"
  Assets:US:BofA:Checking                        -2400.00 USD
  Expenses:Home:Rent                              2400.00 USD

2023-01-08 * "EDISON POWER" ""
  Assets:US:BofA:Checking                          -65.00 USD
  Expenses:Home:Electricity                         65.00 USD

2023-01-16 balance Assets:US:BofA:Checking        5712.82 USD

2023-01-19 * "Verizon Wireless" ""
  Assets:US:BofA:Checking                          -65.99 USD
  Expenses:Home:Phone                               65.99 USD

2023-01-23 * "Wine-Tarner Cable" ""
  Assets:US:BofA:Checking                          -79.84 USD
  Expenses:Home:Internet                            79.84 USD

2023-02-03 * "RiverBank Properties" "Paying the rent"
  Assets:US:BofA:Checking                        -2400.00 USD
  Expenses:Home:Rent                              2400.00 USD

2023-02-04 * "BANK FEES" "Monthly bank fee"
  Assets:US:BofA:Checking                           -4.00 USD
  Expenses:Financial:Fees                            4.00 USD

2023-02-07 balance Assets:US:BofA:Checking        5864.19 USD

2023-02-09 * "EDISON POWER" ""
  Assets:US:BofA:Checking                          -65.00 USD
  Expenses:Home:Electricity                         65.00 USD

2023-02-18 * "Verizon Wireless" ""
  Assets:US:BofA:Checking                          -49.11 USD
  Expenses:Home:Phone                               49.11 USD

2023-02-22 * "Wine-Tarner Cable" ""
  Assets:US:BofA:Checking                          -80.08 USD
  Expenses:Home:Internet                            80.08 USD

2023-03-04 * "BANK FEES" "Monthly bank fee"
  Assets:US:BofA:Checking                           -4.00 USD
  Expenses:Financial:Fees                            4.00 USD

2023-03-06 * "RiverBank Properties" "Paying the rent"
  Assets:US:BofA:Checking                        -2400.00 USD
  Expenses:Home:Rent                              2400.00 USD

2023-03-08 balance Assets:US:BofA:Checking        5457.33 USD

2023-03-09 * "EDISON POWER" ""
  Assets:US:BofA:Checking                          -65.00 USD
  Expenses:Home:Electricity                         65.00 USD

2023-03-19 * "Verizon Wireless" ""
  Assets:US:BofA:Checking                          -57.95 USD
  Expenses:Home:Phone                               57.95 USD

2023-03-22 * "Wine-Tarner Cable" ""
  Assets:US:BofA:Checking                          -79.97 USD
  Expenses:Home:Internet                            79.97 USD

2023-03-30 balance Assets:US:BofA:Checking        5486.60 USD

2023-04-03 * "RiverBank Properties" "Paying the rent"
  Assets:US:BofA:Checking                        -2400.00 USD
  Expenses:Home:Rent                              2400.00 USD

2023-04-04 * "BANK FEES" "Monthly bank fee"
  Assets:US:BofA:Checking                           -4.00 USD
  Expenses:Financial:Fees                            4.00 USD

2023-04-09 * "EDISON POWER" ""
  Assets:US:BofA:Checking                          -65.00 USD
  Expenses:Home:Electricity                         65.00 USD

2023-04-18 * "Verizon Wireless" ""
  Assets:US:BofA:Checking                          -65.52 USD
  Expenses:Home:Phone                               65.52 USD

2023-04-23 * "Wine-Tarner Cable" ""
  Assets:US:BofA:Checking                          -80.14 USD
  Expenses:Home:Internet                            80.14 USD

2023-04-25 balance Assets:US:BofA:Checking        5030.60 USD

2023-05-03 * "RiverBank Properties" "Paying the rent"
  Assets:US:BofA:Checking                        -2400.00 USD
  Expenses:Home:Rent                              2400.00 USD

2023-05-04 * "BANK FEES" "Monthly bank fee"
  Assets:US:BofA:Checking                           -4.00 USD
  Expenses:Financial:Fees                            4.00 USD

2023-05-08 * "EDISON POWER" ""
  Assets:US:BofA:Checking                          -65.00 USD
  Expenses:Home:Electricity                         65.00 USD

2023-05-19 * "Verizon Wireless" ""
  Assets:US:BofA:Checking                          -63.66 USD
  Expenses:Home:Phone                               63.66 USD

2023-05-22 balance Assets:US:BofA:Checking        4572.46 USD

2023-05-22 * "Wine-Tarner Cable" ""
  Assets:US:BofA:Checking                          -79.98 USD
  Expenses:Home:Internet                            79.98 USD

2023-06-03 * "RiverBank Properties" "Paying the rent"
  Assets:US:BofA:Checking                        -2400.00 USD
  Expenses:Home:Rent                              2400.00 USD

2023-06-04 * "BANK FEES" "Monthly bank fee"
  Assets:US:BofA:Checking                           -4.00 USD
  Expenses:Financial:Fees                            4.00 USD

2023-06-08 * "EDISON POWER" ""
  Assets:US:BofA:Checking                          -65.00 USD
  Expenses:Home:Electricity                         65.00 USD

2023-06-13 balance Assets:US:BofA:Checking        4221.60 USD

2023-06-19 * "Verizon Wireless" ""
  Assets:US:BofA:Checking                          -38.96 USD
  Expenses:Home:Phone                               38.96 USD

2023-06-21 * "Wine-Tarner Cable" ""
  Assets:US:BofA:Checking                          -80.05 USD
  Expenses:Home:Internet                            80.05 USD

2023-07-04 * "BANK FEES" "Monthly bank fee"
  Assets:US:BofA:Checking                           -4.00 USD
  Expenses:Financial:Fees                            4.00 USD

2023-07-04 * "RiverBank Properties" "Paying the rent"
  Assets:US:BofA:Checking                        -2400.00 USD
  Expenses:Home:Rent                              2400.00 USD

2023-07-07 * "Transfering accumulated savings to other account"
  Assets:US:BofA:Checking                           -3000 USD
  Assets:US:ETrade:Cash                              3000 USD

2023-07-09 * "EDISON POWER" ""
  Assets:US:BofA:Checking                          -65.00 USD
  Expenses:Home:Electricity                         65.00 USD

2023-07-11 balance Assets:US:BofA:Checking        1334.79 USD

2023-07-18 * "Verizon Wireless" ""
  Assets:US:BofA:Checking                          -68.78 USD
  Expenses:Home:Phone                               68.78 USD

2023-07-23 * "Wine-Tarner Cable" ""
  Assets:US:BofA:Checking                          -79.99 USD
  Expenses:Home:Internet                            79.99 USD

2023-07-31 balance Assets:US:BofA:Checking        1927.42 USD

2023-08-03 * "RiverBank Properties" "Paying the rent"
  Assets:US:BofA:Checking                        -2400.00 USD
  Expenses:Home:Rent                              2400.00 USD

2023-08-04 * "BANK FEES" "Monthly bank fee"
  Assets:US:BofA:Checking                           -4.00 USD
  Expenses:Financial:Fees                            4.00 USD

2023-08-09 * "EDISON POWER" ""
  Assets:US:BofA:Checking                          -65.00 USD
  Expenses:Home:Electricity                         65.00 USD

2023-08-20 * "Verizon Wireless" ""
  Assets:US:BofA:Checking                          -49.97 USD
  Expenses:Home:Phone                               49.97 USD

2023-08-21 balance Assets:US:BofA:Checking        3352.26 USD

2023-08-22 * "Wine-Tarner Cable" ""
  Assets:US:BofA:Checking                          -79.72 USD
  Expenses:Home:Internet                            79.72 USD

2023-09-03 * "RiverBank Properties" "Paying the rent"
  Assets:US:BofA:Checking                        -2400.00 USD
  Expenses:Home:Rent                              2400.00 USD

2023-09-04 * "BANK FEES" "Monthly bank fee"
  Assets:US:BofA:Checking                           -4.00 USD
  Expenses:Financial:Fees                            4.00 USD

2023-09-08 * "EDISON POWER" ""
  Assets:US:BofA:Checking                          -65.00 USD
  Expenses:Home:Electricity                         65.00 USD

2023-09-15 * "Transfering accumulated savings to other account"
  Assets:US:BofA:Checking                           -4500 USD
  Assets:US:ETrade:Cash                              4500 USD

2023-09-19 balance Assets:US:BofA:Checking         921.35 USD

2023-09-20 * "Verizon Wireless" ""
  Assets:US:BofA:Checking                          -74.99 USD
  Expenses:Home:Phone                               74.99 USD

2023-09-22 * "Wine-Tarner Cable" ""
  Assets:US:BofA:Checking                          -80.10 USD
  Expenses:Home:Internet                            80.10 USD

2023-10-04 * "BANK FEES" "Monthly bank fee"
  Assets:US:BofA:Checking                           -4.00 USD
  Expenses:Financial:Fees                            4.00 USD

2023-10-05 * "RiverBank Properties" "Paying the rent"
  Assets:US:BofA:Checking                        -2400.00 USD
  Expenses:Home:Rent                              2400.00 USD

2023-10-09 * "EDISON POWER" ""
  Assets:US:BofA:Checking                          -65.00 USD
  Expenses:Home:Electricity                         65.00 USD

2023-10-11 balance Assets:US:BofA:Checking         632.99 USD

2023-10-18 * "Verizon Wireless" ""
  Assets:US:BofA:Checking                          -59.03 USD
  Expenses:Home:Phone                               59.03 USD

2023-10-22 * "Wine-Tarner Cable" ""
  Assets:US:BofA:Checking                          -79.90 USD
  Expenses:Home:Internet                            79.90 USD

2023-11-04 * "BANK FEES" "Monthly bank fee"
  Assets:US:BofA:Checking                           -4.00 USD
  Expenses:Financial:Fees                            4.00 USD

2023-11-05 * "RiverBank Properties" "Paying the rent"
  Assets:US:BofA:Checking                        -2400.00 USD
  Expenses:Home:Rent                              2400.00 USD

2023-11-06 balance Assets:US:BofA:Checking        3191.26 USD

2023-11-08 * "EDISON POWER" ""
  Assets:US:BofA:Checking                          -65.00 USD
  Expenses:Home:Electricity                         65.00 USD

2023-11-10 * "Transfering accumulated savings to other account"
  Assets:US:BofA:Checking                           -4500 USD
  Assets:US:ETrade:Cash                              4500 USD

2023-11-19 * "Verizon Wireless" ""
  Assets:US:BofA:Checking                          -45.13 USD
  Expenses:Home:Phone                               45.13 USD

2023-11-22 * "Wine-Tarner Cable" ""
  Assets:US:BofA:Checking                          -79.94 USD
  Expenses:Home:Internet                            79.94 USD

2023-12-03 balance Assets:US:BofA:Checking        3055.16 USD

2023-12-04 * "BANK FEES" "Monthly bank fee"
  Assets:US:BofA:Checking                           -4.00 USD
  Expenses:Financial:Fees                            4.00 USD

2023-12-05 * "RiverBank Properties" "Paying the rent"
  Assets:US:BofA:Checking                        -2400.00 USD
  Expenses:Home:Rent                              2400.00 USD

2023-12-08 * "EDISON POWER" ""
  Assets:US:BofA:Checking                          -65.00 USD
  Expenses:Home:Electricity                         65.00 USD

2023-12-20 * "Verizon Wireless" ""
  Assets:US:BofA:Checking                          -66.26 USD
  Expenses:Home:Phone                               66.26 USD

2023-12-21 * "Wine-Tarner Cable" ""
  Assets:US:BofA:Checking                          -79.99 USD
  Expenses:Home:Internet                            79.99 USD

2024-01-01 balance Assets:US:BofA:Checking        5170.70 USD

2024-01-04 * "BANK FEES" "Monthly bank fee"
  Assets:US:BofA:Checking                           -4.00 USD
  Expenses:Financial:Fees                            4.00 USD

2024-01-04 * "RiverBank Properties" "Paying the rent"
  Assets:US:BofA:Checking                        -2400.00 USD
  Expenses:Home:Rent                              2400.00 USD

2024-01-08 * "EDISON POWER" ""
  Assets:US:BofA:Checking                          -65.00 USD
  Expenses:Home:Electricity                         65.00 USD

2024-01-20 * "Verizon Wireless" ""
  Assets:US:BofA:Checking                          -78.04 USD
  Expenses:Home:Phone                               78.04 USD

2024-01-23 * "Wine-Tarner Cable" ""
  Assets:US:BofA:Checking                          -79.96 USD
  Expenses:Home:Internet                            79.96 USD

2024-01-27 balance Assets:US:BofA:Checking        4580.86 USD

2024-02-04 * "BANK FEES" "Monthly bank fee"
  Assets:US:BofA:Checking                           -4.00 USD
  Expenses:Financial:Fees                            4.00 USD

2024-02-06 * "RiverBank Properties" "Paying the rent"
  Assets:US:BofA:Checking                        -2400.00 USD
  Expenses:Home:Rent                              2400.00 USD

2024-02-09 * "EDISON POWER" ""
  Assets:US:BofA:Checking                          -65.00 USD
  Expenses:Home:Electricity                         65.00 USD

2024-02-18 * "Verizon Wireless" ""
  Assets:US:BofA:Checking                          -68.40 USD
  Expenses:Home:Phone                               68.40 USD

2024-02-21 * "Wine-Tarner Cable" ""
  Assets:US:BofA:Checking                          -80.01 USD
  Expenses:Home:Internet                            80.01 USD

2024-02-24 balance Assets:US:BofA:Checking        3870.66 USD

2024-03-04 * "BANK FEES" "Monthly bank fee"
  Assets:US:BofA:Checking                           -4.00 USD
  Expenses:Financial:Fees                            4.00 USD

2024-03-05 * "RiverBank Properties" "Paying the rent"
  Assets:US:BofA:Checking                        -2400.00 USD
  Expenses:Home:Rent                              2400.00 USD

2024-03-08 * "EDISON POWER" ""
  Assets:US:BofA:Checking                          -65.00 USD
  Expenses:Home:Electricity                         65.00 USD

2024-03-20 * "Verizon Wireless" ""
  Assets:US:BofA:Checking                          -41.74 USD
  Expenses:Home:Phone                               41.74 USD

2024-03-21 * "Wine-Tarner Cable" ""
  Assets:US:BofA:Checking                          -80.05 USD
  Expenses:Home:Internet                            80.05 USD

2024-03-23 balance Assets:US:BofA:Checking        3495.49 USD

2024-04-04 * "BANK FEES" "Monthly bank fee"
  Assets:US:BofA:Checking                           -4.00 USD
  Expenses:Financial:Fees                            4.00 USD

2024-04-06 * "RiverBank Properties" "Paying the rent"
  Assets:US:BofA:Checking                        -2400.00 USD
  Expenses:Home:Rent                              2400.00 USD

2024-04-09 * "EDISON POWER" ""
  Assets:US:BofA:Checking                          -65.00 USD
  Expenses:Home:Electricity                         65.00 USD

2024-04-12 balance Assets:US:BofA:Checking        2600.45 USD

2024-04-19 * "Verizon Wireless" ""
  Assets:US:BofA:Checking                          -56.72 USD
  Expenses:Home:Phone                               56.72 USD

2024-04-21 * "Wine-Tarner Cable" ""
  Assets:US:BofA:Checking                          -79.97 USD
  Expenses:Home:Internet                            79.97 USD

2024-05-04 * "BANK FEES" "Monthly bank fee"
  Assets:US:BofA:Checking                           -4.00 USD
  Expenses:Financial:Fees                            4.00 USD

2024-05-04 * "RiverBank Properties" "Paying the rent"
  Assets:US:BofA:Checking                        -2400.00 USD
  Expenses:Home:Rent                              2400.00 USD

2024-05-08 * "EDISON POWER" ""
  Assets:US:BofA:Checking                          -65.00 USD
  Expenses:Home:Electricity                         65.00 USD

2024-05-09 balance Assets:US:BofA:Checking         722.98 USD

2024-05-19 * "Verizon Wireless" ""
  Assets:US:BofA:Checking                          -55.43 USD
  Expenses:Home:Phone                               55.43 USD

2024-05-23 * "Wine-Tarner Cable" ""
  Assets:US:BofA:Checking                          -79.96 USD
  Expenses:Home:Internet                            79.96 USD

2024-05-30 balance Assets:US:BofA:Checking        3288.79 USD

2024-06-04 * "BANK FEES" "Monthly bank fee"
  Assets:US:BofA:Checking                           -4.00 USD
  Expenses:Financial:Fees                            4.00 USD

2024-06-06 * "RiverBank Properties" "Paying the rent"
  Assets:US:BofA:Checking                        -2400.00 USD
  Expenses:Home:Rent                              2400.00 USD

2024-06-09 * "EDISON POWER" ""
  Assets:US:BofA:Checking                          -65.00 USD
  Expenses:Home:Electricity                         65.00 USD

2024-06-20 * "Verizon Wireless" ""
  Assets:US:BofA:Checking                          -56.96 USD
  Expenses:Home:Phone                               56.96 USD

2024-06-21 * "Wine-Tarner Cable" ""
  Assets:US:BofA:Checking                          -79.96 USD
  Expenses:Home:Internet                            79.96 USD

2024-06-24 balance Assets:US:BofA:Checking        2733.49 USD

2024-07-04 * "BANK FEES" "Monthly bank fee"
  Assets:US:BofA:Checking                           -4.00 USD
  Expenses:Financial:Fees                            4.00 USD

2024-07-04 * "RiverBank Properties" "Paying the rent"
  Assets:US:BofA:Checking                        -2400.00 USD
  Expenses:Home:Rent                              2400.00 USD

2024-07-08 * "EDISON POWER" ""
  Assets:US:BofA:Checking                          -65.00 USD
  Expenses:Home:Electricity                         65.00 USD

2024-07-14 balance Assets:US:BofA:Checking         804.08 USD

2024-07-20 * "Verizon Wireless" ""
  Assets:US:BofA:Checking                          -54.18 USD
  Expenses:Home:Phone                               54.18 USD

2024-07-22 * "Wine-Tarner Cable" ""
  Assets:US:BofA:Checking                          -79.83 USD
  Expenses:Home:Internet                            79.83 USD

2024-08-03 * "RiverBank Properties" "Paying the rent"
  Assets:US:BofA:Checking                        -2400.00 USD
  Expenses:Home:Rent                              2400.00 USD

2024-08-04 * "BANK FEES" "Monthly bank fee"
  Assets:US:BofA:Checking                           -4.00 USD
  Expenses:Financial:Fees                            4.00 USD

2024-08-08 * "EDISON POWER" ""
  Assets:US:BofA:Checking                          -65.00 USD
  Expenses:Home:Electricity                         65.00 USD

2024-08-09 balance Assets:US:BofA:Checking        1602.27 USD

2024-08-18 * "Verizon Wireless" ""
  Assets:US:BofA:Checking                          -70.64 USD
  Expenses:Home:Phone                               70.64 USD

2024-08-23 * "Wine-Tarner Cable" ""
  Assets:US:BofA:Checking                          -79.88 USD
  Expenses:Home:Internet                            79.88 USD

2024-09-01 balance Assets:US:BofA:Checking        5853.35 USD

2024-09-04 * "BANK FEES" "Monthly bank fee"
  Assets:US:BofA:Checking                           -4.00 USD
  Expenses:Financial:Fees                            4.00 USD

2024-09-06 * "RiverBank Properties" "Paying the rent"
  Assets:US:BofA:Checking                        -2400.00 USD
  Expenses:Home:Rent                              2400.00 USD

2024-09-08 * "EDISON POWER" ""
  Assets:US:BofA:Checking                          -65.00 USD
  Expenses:Home:Electricity                         65.00 USD

2024-09-13 * "Transfering accumulated savings to other account"
  Assets:US:BofA:Checking                           -4500 USD
  Assets:US:ETrade:Cash                              4500 USD

2024-09-20 * "Verizon Wireless" ""
  Assets:US:BofA:Checking                          -58.43 USD
  Expenses:Home:Phone                               58.43 USD

2024-09-23 * "Wine-Tarner Cable" ""
  Assets:US:BofA:Checking                          -79.84 USD
  Expenses:Home:Internet                            79.84 USD

2024-09-27 * "Transfering accumulated savings to other account"
  Assets:US:BofA:Checking                           -3000 USD
  Assets:US:ETrade:Cash                              3000 USD

2024-09-30 balance Assets:US:BofA:Checking         207.38 USD

2024-10-04 * "BANK FEES" "Monthly bank fee"
  Assets:US:BofA:Checking                           -4.00 USD
  Expenses:Financial:Fees                            4.00 USD



* Credit-Cards

1980-05-12 open Liabilities:US:Chase:Slate                      USD

2022-01-05 * "China Garden" "Eating out alone"
  Liabilities:US:Chase:Slate                       -39.86 USD
  Expenses:Food:Restaurant                          39.86 USD

2022-01-08 * "Cafe Modagor" "Eating out alone"
  Liabilities:US:Chase:Slate                       -45.78 USD
  Expenses:Food:Restaurant                          45.78 USD

2022-01-10 * "Jewel of Morroco" "Eating out with Joe"
  Liabilities:US:Chase:Slate                       -33.84 USD
  Expenses:Food:Restaurant                          33.84 USD

2022-01-11 * "Chase:Slate" "Paying off credit card"
  Liabilities:US:Chase:Slate                       137.11 USD
  Assets:US:BofA:Checking                         -137.11 USD

2022-01-13 * "Uncle Boons" "Eating out with Natasha"
  Liabilities:US:Chase:Slate                       -17.63 USD
  Expenses:Food:Restaurant                          17.63 USD

2022-01-17 * "Chichipotle" "Eating out with Natasha"
  Liabilities:US:Chase:Slate                       -41.37 USD
  Expenses:Food:Restaurant                          41.37 USD

2022-01-19 * "Onion Market" "Buying groceries"
  Liabilities:US:Chase:Slate                       -97.28 USD
  Expenses:Food:Groceries                           97.28 USD

2022-01-21 * "Rose Flower" "Eating out after work"
  Liabilities:US:Chase:Slate                       -23.49 USD
  Expenses:Food:Restaurant                          23.49 USD

2022-01-24 * "Chichipotle" "Eating out "
  Liabilities:US:Chase:Slate                       -19.57 USD
  Expenses:Food:Restaurant                          19.57 USD

2022-01-25 * "Uncle Boons" "Eating out with Natasha"
  Liabilities:US:Chase:Slate                       -44.72 USD
  Expenses:Food:Restaurant                          44.72 USD

2022-01-27 balance Liabilities:US:Chase:Slate     -226.43 USD

2022-01-27 * "Farmer Fresh" "Buying groceries"
  Liabilities:US:Chase:Slate                      -108.94 USD
  Expenses:Food:Groceries                          108.94 USD

2022-01-30 * "Rose Flower" "Eating out with Julie"
  Liabilities:US:Chase:Slate                       -24.36 USD
  Expenses:Food:Restaurant                          24.36 USD

2022-01-30 * "Metro Transport Authority" "Tram tickets"
  Liabilities:US:Chase:Slate                      -120.00 USD
  Expenses:Transport:Tram                          120.00 USD

2022-02-01 * "China Garden" "Eating out alone"
  Liabilities:US:Chase:Slate                       -33.20 USD
  Expenses:Food:Restaurant                          33.20 USD

2022-02-02 * "Uncle Boons" "Eating out alone"
  Liabilities:US:Chase:Slate                       -65.74 USD
  Expenses:Food:Restaurant                          65.74 USD

2022-02-05 * "Kin Soy" "Eating out alone"
  Liabilities:US:Chase:Slate                       -65.83 USD
  Expenses:Food:Restaurant                          65.83 USD

2022-02-06 * "Cafe Modagor" "Eating out "
  Liabilities:US:Chase:Slate                       -23.17 USD
  Expenses:Food:Restaurant                          23.17 USD

2022-02-07 * "Chase:Slate" "Paying off credit card"
  Liabilities:US:Chase:Slate                       707.27 USD
  Assets:US:BofA:Checking                         -707.27 USD

2022-02-08 * "Chichipotle" "Eating out with Joe"
  Liabilities:US:Chase:Slate                       -39.60 USD
  Expenses:Food:Restaurant                          39.60 USD

2022-02-13 * "Uncle Boons" "Eating out with Joe"
  Liabilities:US:Chase:Slate                       -35.19 USD
  Expenses:Food:Restaurant                          35.19 USD

2022-02-14 * "Good Moods Market" "Buying groceries"
  Liabilities:US:Chase:Slate                       -75.82 USD
  Expenses:Food:Groceries                           75.82 USD

2022-02-15 * "Cafe Modagor" "Eating out "
  Liabilities:US:Chase:Slate                       -37.96 USD
  Expenses:Food:Restaurant                          37.96 USD

2022-02-16 balance Liabilities:US:Chase:Slate     -148.97 USD

2022-02-19 * "Jewel of Morroco" "Eating out "
  Liabilities:US:Chase:Slate                       -36.74 USD
  Expenses:Food:Restaurant                          36.74 USD

2022-02-21 * "Cafe Modagor" "Eating out with Joe"
  Liabilities:US:Chase:Slate                       -26.33 USD
  Expenses:Food:Restaurant                          26.33 USD

2022-02-22 * "Cafe Modagor" "Eating out "
  Liabilities:US:Chase:Slate                       -20.82 USD
  Expenses:Food:Restaurant                          20.82 USD

2022-02-23 * "Farmer Fresh" "Buying groceries"
  Liabilities:US:Chase:Slate                       -83.32 USD
  Expenses:Food:Groceries                           83.32 USD

2022-02-26 * "Goba Goba" "Eating out with Julie"
  Liabilities:US:Chase:Slate                        -9.28 USD
  Expenses:Food:Restaurant                           9.28 USD

2022-02-26 * "Metro Transport Authority" "Tram tickets"
  Liabilities:US:Chase:Slate                      -120.00 USD
  Expenses:Transport:Tram                          120.00 USD

2022-03-03 * "Kin Soy" "Eating out with Natasha"
  Liabilities:US:Chase:Slate                       -23.07 USD
  Expenses:Food:Restaurant                          23.07 USD

2022-03-05 * "Onion Market" "Buying groceries"
  Liabilities:US:Chase:Slate                       -95.57 USD
  Expenses:Food:Groceries                           95.57 USD

2022-03-06 * "Rose Flower" "Eating out alone"
  Liabilities:US:Chase:Slate                       -51.09 USD
  Expenses:Food:Restaurant                          51.09 USD

2022-03-07 * "Cafe Modagor" "Eating out with Natasha"
  Liabilities:US:Chase:Slate                       -43.04 USD
  Expenses:Food:Restaurant                          43.04 USD

2022-03-08 * "Chase:Slate" "Paying off credit card"
  Liabilities:US:Chase:Slate                       694.72 USD
  Assets:US:BofA:Checking                         -694.72 USD

2022-03-11 * "China Garden" "Eating out with work buddies"
  Liabilities:US:Chase:Slate                       -36.49 USD
  Expenses:Food:Restaurant                          36.49 USD

2022-03-12 * "China Garden" "Eating out "
  Liabilities:US:Chase:Slate                       -34.52 USD
  Expenses:Food:Restaurant                          34.52 USD

2022-03-15 balance Liabilities:US:Chase:Slate      -34.52 USD

2022-03-17 * "China Garden" "Eating out "
  Liabilities:US:Chase:Slate                       -16.72 USD
  Expenses:Food:Restaurant                          16.72 USD

2022-03-22 * "Kin Soy" "Eating out with Natasha"
  Liabilities:US:Chase:Slate                       -35.66 USD
  Expenses:Food:Restaurant                          35.66 USD

2022-03-23 * "Onion Market" "Buying groceries"
  Liabilities:US:Chase:Slate                       -44.84 USD
  Expenses:Food:Groceries                           44.84 USD

2022-03-24 * "Cafe Modagor" "Eating out with Bill"
  Liabilities:US:Chase:Slate                       -45.75 USD
  Expenses:Food:Restaurant                          45.75 USD

2022-03-25 * "Metro Transport Authority" "Tram tickets"
  Liabilities:US:Chase:Slate                      -120.00 USD
  Expenses:Transport:Tram                          120.00 USD

2022-03-28 * "China Garden" "Eating out "
  Liabilities:US:Chase:Slate                       -17.09 USD
  Expenses:Food:Restaurant                          17.09 USD

2022-03-28 * "Farmer Fresh" "Buying groceries"
  Liabilities:US:Chase:Slate                       -50.95 USD
  Expenses:Food:Groceries                           50.95 USD

2022-04-02 * "China Garden" "Eating out "
  Liabilities:US:Chase:Slate                       -23.26 USD
  Expenses:Food:Restaurant                          23.26 USD

2022-04-03 * "Uncle Boons" "Eating out with work buddies"
  Liabilities:US:Chase:Slate                       -46.81 USD
  Expenses:Food:Restaurant                          46.81 USD

2022-04-03 * "Good Moods Market" "Buying groceries"
  Liabilities:US:Chase:Slate                      -114.32 USD
  Expenses:Food:Groceries                          114.32 USD

2022-04-05 balance Liabilities:US:Chase:Slate     -549.92 USD

2022-04-07 * "Goba Goba" "Eating out with work buddies"
  Liabilities:US:Chase:Slate                       -28.02 USD
  Expenses:Food:Restaurant                          28.02 USD

2022-04-08 * "Chase:Slate" "Paying off credit card"
  Liabilities:US:Chase:Slate                       603.65 USD
  Assets:US:BofA:Checking                         -603.65 USD

2022-04-09 * "Jewel of Morroco" "Eating out alone"
  Liabilities:US:Chase:Slate                       -25.71 USD
  Expenses:Food:Restaurant                          25.71 USD

2022-04-14 * "Cafe Modagor" "Eating out after work"
  Liabilities:US:Chase:Slate                       -51.04 USD
  Expenses:Food:Restaurant                          51.04 USD

2022-04-16 * "Rose Flower" "Eating out "
  Liabilities:US:Chase:Slate                       -33.66 USD
  Expenses:Food:Restaurant                          33.66 USD

2022-04-16 * "Good Moods Market" "Buying groceries"
  Liabilities:US:Chase:Slate                       -83.23 USD
  Expenses:Food:Groceries                           83.23 USD

2022-04-18 * "Uncle Boons" "Eating out "
  Liabilities:US:Chase:Slate                       -26.56 USD
  Expenses:Food:Restaurant                          26.56 USD

2022-04-21 * "Metro Transport Authority" "Tram tickets"
  Liabilities:US:Chase:Slate                      -120.00 USD
  Expenses:Transport:Tram                          120.00 USD

2022-04-22 * "Cafe Modagor" "Eating out with Natasha"
  Liabilities:US:Chase:Slate                       -28.50 USD
  Expenses:Food:Restaurant                          28.50 USD

2022-04-23 * "Chichipotle" "Eating out with Natasha"
  Liabilities:US:Chase:Slate                       -20.03 USD
  Expenses:Food:Restaurant                          20.03 USD

2022-04-25 balance Liabilities:US:Chase:Slate     -363.02 USD

2022-04-28 * "Uncle Boons" "Eating out after work"
  Liabilities:US:Chase:Slate                       -33.74 USD
  Expenses:Food:Restaurant                          33.74 USD

2022-05-02 * "Rose Flower" "Eating out "
  Liabilities:US:Chase:Slate                       -44.57 USD
  Expenses:Food:Restaurant                          44.57 USD

2022-05-04 * "Jewel of Morroco" "Eating out with Bill"
  Liabilities:US:Chase:Slate                       -55.18 USD
  Expenses:Food:Restaurant                          55.18 USD

2022-05-05 * "Farmer Fresh" "Buying groceries"
  Liabilities:US:Chase:Slate                       -64.64 USD
  Expenses:Food:Groceries                           64.64 USD

2022-05-09 * "China Garden" "Eating out with Bill"
  Liabilities:US:Chase:Slate                       -29.72 USD
  Expenses:Food:Restaurant                          29.72 USD

2022-05-09 * "Chase:Slate" "Paying off credit card"
  Liabilities:US:Chase:Slate                       590.87 USD
  Assets:US:BofA:Checking                         -590.87 USD

2022-05-13 * "China Garden" "Eating out after work"
  Liabilities:US:Chase:Slate                       -36.97 USD
  Expenses:Food:Restaurant                          36.97 USD

2022-05-13 * "Corner Deli" "Buying groceries"
  Liabilities:US:Chase:Slate                       -76.55 USD
  Expenses:Food:Groceries                           76.55 USD

2022-05-16 * "Chichipotle" "Eating out with Julie"
  Liabilities:US:Chase:Slate                       -18.16 USD
  Expenses:Food:Restaurant                          18.16 USD

2022-05-18 * "Jewel of Morroco" "Eating out after work"
  Liabilities:US:Chase:Slate                       -45.58 USD
  Expenses:Food:Restaurant                          45.58 USD

2022-05-18 * "Metro Transport Authority" "Tram tickets"
  Liabilities:US:Chase:Slate                      -120.00 USD
  Expenses:Transport:Tram                          120.00 USD

2022-05-20 * "Rose Flower" "Eating out with work buddies"
  Liabilities:US:Chase:Slate                       -22.55 USD
  Expenses:Food:Restaurant                          22.55 USD

2022-05-20 * "Onion Market" "Buying groceries"
  Liabilities:US:Chase:Slate                      -130.50 USD
  Expenses:Food:Groceries                          130.50 USD

2022-05-21 * "Kin Soy" "Eating out with Joe"
  Liabilities:US:Chase:Slate                       -49.50 USD
  Expenses:Food:Restaurant                          49.50 USD

2022-05-24 balance Liabilities:US:Chase:Slate     -499.81 USD

2022-05-24 * "Cafe Modagor" "Eating out with Natasha"
  Liabilities:US:Chase:Slate                       -64.39 USD
  Expenses:Food:Restaurant                          64.39 USD

2022-05-28 * "Kin Soy" "Eating out with Natasha"
  Liabilities:US:Chase:Slate                       -26.78 USD
  Expenses:Food:Restaurant                          26.78 USD

2022-06-02 * "Kin Soy" "Eating out after work"
  Liabilities:US:Chase:Slate                       -50.52 USD
  Expenses:Food:Restaurant                          50.52 USD

2022-06-06 * "China Garden" "Eating out alone"
  Liabilities:US:Chase:Slate                       -48.00 USD
  Expenses:Food:Restaurant                          48.00 USD

2022-06-06 * "Onion Market" "Buying groceries"
  Liabilities:US:Chase:Slate                       -98.68 USD
  Expenses:Food:Groceries                           98.68 USD

2022-06-07 * "Rose Flower" "Eating out with work buddies"
  Liabilities:US:Chase:Slate                       -38.97 USD
  Expenses:Food:Restaurant                          38.97 USD

2022-06-08 * "Chase:Slate" "Paying off credit card"
  Liabilities:US:Chase:Slate                       867.43 USD
  Assets:US:BofA:Checking                         -867.43 USD

2022-06-12 * "Chichipotle" "Eating out with Bill"
  Liabilities:US:Chase:Slate                       -40.28 USD
  Expenses:Food:Restaurant                          40.28 USD

2022-06-17 * "China Garden" "Eating out after work"
  Liabilities:US:Chase:Slate                       -31.95 USD
  Expenses:Food:Restaurant                          31.95 USD

2022-06-20 event "location" "Chicago"

2022-06-21 * "Star of Siam" "" #trip-chicago-2022
  Liabilities:US:Chase:Slate                       -32.49 USD
  Expenses:Food:Restaurant                          32.49 USD

2022-06-21 * "Mercadito" "" #trip-chicago-2022
  Liabilities:US:Chase:Slate                       -39.27 USD
  Expenses:Food:Restaurant                          39.27 USD

2022-06-21 * "Another Sports Pub" "" #trip-chicago-2022
  Liabilities:US:Chase:Slate                       -12.53 USD
  Expenses:Food:Alcohol                             12.53 USD

2022-06-21 * "Argo Tea" "" #trip-chicago-2022
  Liabilities:US:Chase:Slate                        -5.11 USD
  Expenses:Food:Coffee                               5.11 USD

2022-06-22 * "Eataly Chicago" "" #trip-chicago-2022
  Liabilities:US:Chase:Slate                       -30.85 USD
  Expenses:Food:Restaurant                          30.85 USD

2022-06-23 balance Liabilities:US:Chase:Slate     -152.20 USD

2022-06-23 * "Eataly Chicago" "" #trip-chicago-2022
  Liabilities:US:Chase:Slate                       -33.50 USD
  Expenses:Food:Restaurant                          33.50 USD

2022-06-23 * "Argo Tea" "" #trip-chicago-2022
  Liabilities:US:Chase:Slate                        -6.35 USD
  Expenses:Food:Coffee                               6.35 USD

2022-06-24 * "Star of Siam" "" #trip-chicago-2022
  Liabilities:US:Chase:Slate                       -29.96 USD
  Expenses:Food:Restaurant                          29.96 USD

2022-06-26 * "Eataly Chicago" "" #trip-chicago-2022
  Liabilities:US:Chase:Slate                       -41.26 USD
  Expenses:Food:Restaurant                          41.26 USD

2022-06-27 * "25 Degrees Burger Bar" "" #trip-chicago-2022
  Liabilities:US:Chase:Slate                       -21.02 USD
  Expenses:Food:Restaurant                          21.02 USD

2022-06-28 * "Mercadito" "" #trip-chicago-2022
  Liabilities:US:Chase:Slate                       -38.80 USD
  Expenses:Food:Restaurant                          38.80 USD

2022-06-28 * "Another Sports Pub" "" #trip-chicago-2022
  Liabilities:US:Chase:Slate                       -11.63 USD
  Expenses:Food:Alcohol                             11.63 USD

2022-06-29 * "25 Degrees Burger Bar" "" #trip-chicago-2022
  Liabilities:US:Chase:Slate                       -20.99 USD
  Expenses:Food:Restaurant                          20.99 USD

2022-06-29 * "Another Sports Pub" "" #trip-chicago-2022
  Liabilities:US:Chase:Slate                       -13.56 USD
  Expenses:Food:Alcohol                             13.56 USD

2022-06-30 * "Mercadito" "" #trip-chicago-2022
  Liabilities:US:Chase:Slate                       -32.03 USD
  Expenses:Food:Restaurant                          32.03 USD

2022-06-30 * "Argo Tea" "" #trip-chicago-2022
  Liabilities:US:Chase:Slate                        -6.10 USD
  Expenses:Food:Coffee                               6.10 USD

2022-07-01 * "25 Degrees Burger Bar" "" #trip-chicago-2022
  Liabilities:US:Chase:Slate                       -15.40 USD
  Expenses:Food:Restaurant                          15.40 USD

2022-07-01 * "Argo Tea" "" #trip-chicago-2022
  Liabilities:US:Chase:Slate                        -6.03 USD
  Expenses:Food:Coffee                               6.03 USD

2022-07-03 * "Mercadito" "" #trip-chicago-2022
  Liabilities:US:Chase:Slate                       -48.12 USD
  Expenses:Food:Restaurant                          48.12 USD

2022-07-03 * "25 Degrees Burger Bar" "" #trip-chicago-2022
  Liabilities:US:Chase:Slate                       -19.03 USD
  Expenses:Food:Restaurant                          19.03 USD

2022-07-03 * "Eataly Chicago" "" #trip-chicago-2022
  Liabilities:US:Chase:Slate                       -34.76 USD
  Expenses:Food:Restaurant                          34.76 USD

2022-07-03 * "Another Sports Pub" "" #trip-chicago-2022
  Liabilities:US:Chase:Slate                        -9.34 USD
  Expenses:Food:Alcohol                              9.34 USD

2022-07-03 * "Argo Tea" "" #trip-chicago-2022
  Liabilities:US:Chase:Slate                        -5.98 USD
  Expenses:Food:Coffee                               5.98 USD

2022-07-04 * "Mercadito" "" #trip-chicago-2022
  Liabilities:US:Chase:Slate                       -34.96 USD
  Expenses:Food:Restaurant                          34.96 USD

2022-07-05 * "Mercadito" "" #trip-chicago-2022
  Liabilities:US:Chase:Slate                       -37.67 USD
  Expenses:Food:Restaurant                          37.67 USD

2022-07-05 * "Eataly Chicago" "" #trip-chicago-2022
  Liabilities:US:Chase:Slate                       -51.41 USD
  Expenses:Food:Restaurant                          51.41 USD

2022-07-06 * "Mercadito" "" #trip-chicago-2022
  Liabilities:US:Chase:Slate                       -42.41 USD
  Expenses:Food:Restaurant                          42.41 USD

2022-07-07 * "Star of Siam" "" #trip-chicago-2022
  Liabilities:US:Chase:Slate                       -20.89 USD
  Expenses:Food:Restaurant                          20.89 USD

2022-07-07 * "Argo Tea" "" #trip-chicago-2022
  Liabilities:US:Chase:Slate                        -6.53 USD
  Expenses:Food:Coffee                               6.53 USD

2022-07-07 * "Chase:Slate" "Paying off credit card"
  Liabilities:US:Chase:Slate                        62.20 USD
  Assets:US:BofA:Checking                          -62.20 USD

2022-07-09 * "Mercadito" "" #trip-chicago-2022
  Liabilities:US:Chase:Slate                       -41.13 USD
  Expenses:Food:Restaurant                          41.13 USD

2022-07-09 * "Consume vacation days"
  Assets:US:BayBook:Vacation                         -152 VACHR
  Expenses:Vacation                                   152 VACHR

2022-07-09 event "location" "New Metropolis"

2022-07-12 * "Kin Soy" "Eating out with Natasha"
  Liabilities:US:Chase:Slate                       -30.25 USD
  Expenses:Food:Restaurant                          30.25 USD

2022-07-12 * "Onion Market" "Buying groceries"
  Liabilities:US:Chase:Slate                       -80.57 USD
  Expenses:Food:Groceries                           80.57 USD

2022-07-14 balance Liabilities:US:Chase:Slate     -829.68 USD

2022-07-14 * "Rose Flower" "Eating out with Joe"
  Liabilities:US:Chase:Slate                       -28.40 USD
  Expenses:Food:Restaurant                          28.40 USD

2022-07-15 * "Chichipotle" "Eating out with Joe"
  Liabilities:US:Chase:Slate                       -32.93 USD
  Expenses:Food:Restaurant                          32.93 USD

2022-07-17 * "Metro Transport Authority" "Tram tickets"
  Liabilities:US:Chase:Slate                      -120.00 USD
  Expenses:Transport:Tram                          120.00 USD

2022-07-18 * "Cafe Modagor" "Eating out after work"
  Liabilities:US:Chase:Slate                       -47.62 USD
  Expenses:Food:Restaurant                          47.62 USD

2022-07-22 * "Rose Flower" "Eating out "
  Liabilities:US:Chase:Slate                       -41.42 USD
  Expenses:Food:Restaurant                          41.42 USD

2022-07-25 * "Kin Soy" "Eating out with work buddies"
  Liabilities:US:Chase:Slate                       -50.06 USD
  Expenses:Food:Restaurant                          50.06 USD

2022-07-28 * "Cafe Modagor" "Eating out with work buddies"
  Liabilities:US:Chase:Slate                       -22.41 USD
  Expenses:Food:Restaurant                          22.41 USD

2022-07-29 * "Jewel of Morroco" "Eating out with Natasha"
  Liabilities:US:Chase:Slate                       -24.60 USD
  Expenses:Food:Restaurant                          24.60 USD

2022-07-29 * "Farmer Fresh" "Buying groceries"
  Liabilities:US:Chase:Slate                       -68.00 USD
  Expenses:Food:Groceries                           68.00 USD

2022-07-30 * "Cafe Modagor" "Eating out "
  Liabilities:US:Chase:Slate                       -51.24 USD
  Expenses:Food:Restaurant                          51.24 USD

2022-08-04 * "Rose Flower" "Eating out with work buddies"
  Liabilities:US:Chase:Slate                       -14.13 USD
  Expenses:Food:Restaurant                          14.13 USD

2022-08-05 * "Cafe Modagor" "Eating out "
  Liabilities:US:Chase:Slate                       -40.77 USD
  Expenses:Food:Restaurant                          40.77 USD

2022-08-08 * "Kin Soy" "Eating out with Natasha"
  Liabilities:US:Chase:Slate                       -20.98 USD
  Expenses:Food:Restaurant                          20.98 USD

2022-08-08 * "Chase:Slate" "Paying off credit card"
  Liabilities:US:Chase:Slate                       643.13 USD
  Assets:US:BofA:Checking                         -643.13 USD

2022-08-09 balance Liabilities:US:Chase:Slate     -749.11 USD

2022-08-10 * "Farmer Fresh" "Buying groceries"
  Liabilities:US:Chase:Slate                       -89.29 USD
  Expenses:Food:Groceries                           89.29 USD

2022-08-12 * "Chichipotle" "Eating out after work"
  Liabilities:US:Chase:Slate                       -12.69 USD
  Expenses:Food:Restaurant                          12.69 USD

2022-08-16 * "China Garden" "Eating out with Natasha"
  Liabilities:US:Chase:Slate                       -44.11 USD
  Expenses:Food:Restaurant                          44.11 USD

2022-08-18 * "Farmer Fresh" "Buying groceries"
  Liabilities:US:Chase:Slate                       -68.59 USD
  Expenses:Food:Groceries                           68.59 USD

2022-08-18 * "Metro Transport Authority" "Tram tickets"
  Liabilities:US:Chase:Slate                      -120.00 USD
  Expenses:Transport:Tram                          120.00 USD

2022-08-19 * "Jewel of Morroco" "Eating out with Bill"
  Liabilities:US:Chase:Slate                       -37.55 USD
  Expenses:Food:Restaurant                          37.55 USD

2022-08-22 * "China Garden" "Eating out alone"
  Liabilities:US:Chase:Slate                       -50.98 USD
  Expenses:Food:Restaurant                          50.98 USD

2022-08-27 * "Kin Soy" "Eating out with Natasha"
  Liabilities:US:Chase:Slate                       -27.84 USD
  Expenses:Food:Restaurant                          27.84 USD

2022-08-28 * "China Garden" "Eating out with Bill"
  Liabilities:US:Chase:Slate                       -23.41 USD
  Expenses:Food:Restaurant                          23.41 USD

2022-08-29 balance Liabilities:US:Chase:Slate    -1223.57 USD

2022-08-29 * "Rose Flower" "Eating out with Natasha"
  Liabilities:US:Chase:Slate                       -33.67 USD
  Expenses:Food:Restaurant                          33.67 USD

2022-09-01 * "Uncle Boons" "Eating out after work"
  Liabilities:US:Chase:Slate                       -50.20 USD
  Expenses:Food:Restaurant                          50.20 USD

2022-09-02 * "Uncle Boons" "Eating out alone"
  Liabilities:US:Chase:Slate                       -39.59 USD
  Expenses:Food:Restaurant                          39.59 USD

2022-09-06 * "Jewel of Morroco" "Eating out with Natasha"
  Liabilities:US:Chase:Slate                       -78.35 USD
  Expenses:Food:Restaurant                          78.35 USD

2022-09-07 * "Corner Deli" "Buying groceries"
  Liabilities:US:Chase:Slate                       -67.48 USD
  Expenses:Food:Groceries                           67.48 USD

2022-09-08 * "Kin Soy" "Eating out with Natasha"
  Liabilities:US:Chase:Slate                       -23.87 USD
  Expenses:Food:Restaurant                          23.87 USD

2022-09-08 * "Chase:Slate" "Paying off credit card"
  Liabilities:US:Chase:Slate                       767.62 USD
  Assets:US:BofA:Checking                         -767.62 USD

2022-09-12 * "Rose Flower" "Eating out with Joe"
  Liabilities:US:Chase:Slate                       -37.00 USD
  Expenses:Food:Restaurant                          37.00 USD

2022-09-15 * "Rose Flower" "Eating out with Bill"
  Liabilities:US:Chase:Slate                       -41.43 USD
  Expenses:Food:Restaurant                          41.43 USD

2022-09-15 * "Metro Transport Authority" "Tram tickets"
  Liabilities:US:Chase:Slate                      -120.00 USD
  Expenses:Transport:Tram                          120.00 USD

2022-09-16 * "Chichipotle" "Eating out with Julie"
  Liabilities:US:Chase:Slate                       -48.10 USD
  Expenses:Food:Restaurant                          48.10 USD

2022-09-17 * "Farmer Fresh" "Buying groceries"
  Liabilities:US:Chase:Slate                       -56.12 USD
  Expenses:Food:Groceries                           56.12 USD

2022-09-20 * "Uncle Boons" "Eating out with work buddies"
  Liabilities:US:Chase:Slate                       -28.06 USD
  Expenses:Food:Restaurant                          28.06 USD

2022-09-24 * "Chichipotle" "Eating out with Natasha"
  Liabilities:US:Chase:Slate                       -28.95 USD
  Expenses:Food:Restaurant                          28.95 USD

2022-09-25 balance Liabilities:US:Chase:Slate    -1108.77 USD

2022-09-28 * "Chichipotle" "Eating out with Natasha"
  Liabilities:US:Chase:Slate                       -38.92 USD
  Expenses:Food:Restaurant                          38.92 USD

2022-09-29 * "Uncle Boons" "Eating out with Bill"
  Liabilities:US:Chase:Slate                       -21.13 USD
  Expenses:Food:Restaurant                          21.13 USD

2022-10-01 * "Chichipotle" "Eating out "
  Liabilities:US:Chase:Slate                       -65.80 USD
  Expenses:Food:Restaurant                          65.80 USD

2022-10-02 * "China Garden" "Eating out alone"
  Liabilities:US:Chase:Slate                       -31.69 USD
  Expenses:Food:Restaurant                          31.69 USD

2022-10-02 * "Good Moods Market" "Buying groceries"
  Liabilities:US:Chase:Slate                       -80.65 USD
  Expenses:Food:Groceries                           80.65 USD

2022-10-07 * "Uncle Boons" "Eating out alone"
  Liabilities:US:Chase:Slate                       -26.81 USD
  Expenses:Food:Restaurant                          26.81 USD

2022-10-08 * "Chase:Slate" "Paying off credit card"
  Liabilities:US:Chase:Slate                       659.63 USD
  Assets:US:BofA:Checking                         -659.63 USD

2022-10-10 * "Cafe Modagor" "Eating out alone"
  Liabilities:US:Chase:Slate                       -34.97 USD
  Expenses:Food:Restaurant                          34.97 USD

2022-10-12 * "China Garden" "Eating out with Natasha"
  Liabilities:US:Chase:Slate                       -24.71 USD
  Expenses:Food:Restaurant                          24.71 USD

2022-10-13 * "Chichipotle" "Eating out alone"
  Liabilities:US:Chase:Slate                       -12.80 USD
  Expenses:Food:Restaurant                          12.80 USD

2022-10-14 * "Metro Transport Authority" "Tram tickets"
  Liabilities:US:Chase:Slate                      -120.00 USD
  Expenses:Transport:Tram                          120.00 USD

2022-10-16 * "Uncle Boons" "Eating out after work"
  Liabilities:US:Chase:Slate                       -40.66 USD
  Expenses:Food:Restaurant                          40.66 USD

2022-10-20 * "Jewel of Morroco" "Eating out alone"
  Liabilities:US:Chase:Slate                       -28.90 USD
  Expenses:Food:Restaurant                          28.90 USD

2022-10-20 * "Corner Deli" "Buying groceries"
  Liabilities:US:Chase:Slate                      -140.61 USD
  Expenses:Food:Groceries                          140.61 USD

2022-10-21 balance Liabilities:US:Chase:Slate    -1116.79 USD

2022-10-25 * "Uncle Boons" "Eating out with Bill"
  Liabilities:US:Chase:Slate                       -17.13 USD
  Expenses:Food:Restaurant                          17.13 USD

2022-10-29 * "Rose Flower" "Eating out with Natasha"
  Liabilities:US:Chase:Slate                       -55.34 USD
  Expenses:Food:Restaurant                          55.34 USD

2022-10-30 * "Corner Deli" "Buying groceries"
  Liabilities:US:Chase:Slate                       -94.23 USD
  Expenses:Food:Groceries                           94.23 USD

2022-11-01 * "Jewel of Morroco" "Eating out alone"
  Liabilities:US:Chase:Slate                       -24.09 USD
  Expenses:Food:Restaurant                          24.09 USD

2022-11-02 * "China Garden" "Eating out with Julie"
  Liabilities:US:Chase:Slate                       -34.37 USD
  Expenses:Food:Restaurant                          34.37 USD

2022-11-06 * "Rose Flower" "Eating out "
  Liabilities:US:Chase:Slate                       -28.12 USD
  Expenses:Food:Restaurant                          28.12 USD

2022-11-07 * "Farmer Fresh" "Buying groceries"
  Liabilities:US:Chase:Slate                       -83.74 USD
  Expenses:Food:Groceries                           83.74 USD

2022-11-09 * "Chase:Slate" "Paying off credit card"
  Liabilities:US:Chase:Slate                       721.88 USD
  Assets:US:BofA:Checking                         -721.88 USD

2022-11-11 * "Cafe Modagor" "Eating out alone"
  Liabilities:US:Chase:Slate                       -17.18 USD
  Expenses:Food:Restaurant                          17.18 USD

2022-11-11 * "Metro Transport Authority" "Tram tickets"
  Liabilities:US:Chase:Slate                      -120.00 USD
  Expenses:Transport:Tram                          120.00 USD

2022-11-14 * "Good Moods Market" "Buying groceries"
  Liabilities:US:Chase:Slate                       -76.85 USD
  Expenses:Food:Groceries                           76.85 USD

2022-11-15 * "Jewel of Morroco" "Eating out after work"
  Liabilities:US:Chase:Slate                       -43.37 USD
  Expenses:Food:Restaurant                          43.37 USD

2022-11-18 event "location" "San Francisco"

2022-11-19 * "Waterbar" "" #trip-san-francisco-2022
  Liabilities:US:Chase:Slate                       -44.01 USD
  Expenses:Food:Restaurant                          44.01 USD

2022-11-19 * "Mission Chinese Food" "" #trip-san-francisco-2022
  Liabilities:US:Chase:Slate                       -28.59 USD
  Expenses:Food:Restaurant                          28.59 USD

2022-11-20 balance Liabilities:US:Chase:Slate    -1061.93 USD

2022-11-20 * "Pizza Delfina" "" #trip-san-francisco-2022
  Liabilities:US:Chase:Slate                       -19.24 USD
  Expenses:Food:Restaurant                          19.24 USD

2022-11-20 * "Mission Chinese Food" "" #trip-san-francisco-2022
  Liabilities:US:Chase:Slate                       -37.31 USD
  Expenses:Food:Restaurant                          37.31 USD

2022-11-21 * "Pizza Delfina" "" #trip-san-francisco-2022
  Liabilities:US:Chase:Slate                       -18.95 USD
  Expenses:Food:Restaurant                          18.95 USD

2022-11-22 * "Pizza Delfina" "" #trip-san-francisco-2022
  Liabilities:US:Chase:Slate                       -18.11 USD
  Expenses:Food:Restaurant                          18.11 USD

2022-11-22 * "Starbucks" "" #trip-san-francisco-2022
  Liabilities:US:Chase:Slate                        -4.95 USD
  Expenses:Food:Coffee                               4.95 USD

2022-11-23 * "Pizza Delfina" "" #trip-san-francisco-2022
  Liabilities:US:Chase:Slate                       -19.66 USD
  Expenses:Food:Restaurant                          19.66 USD

2022-11-23 * "Mission Chinese Food" "" #trip-san-francisco-2022
  Liabilities:US:Chase:Slate                       -34.55 USD
  Expenses:Food:Restaurant                          34.55 USD

2022-11-25 * "Mission Chinese Food" "" #trip-san-francisco-2022
  Liabilities:US:Chase:Slate                       -23.47 USD
  Expenses:Food:Restaurant                          23.47 USD

2022-11-26 * "Bar Crudo" "" #trip-san-francisco-2022
  Liabilities:US:Chase:Slate                       -66.68 USD
  Expenses:Food:Restaurant                          66.68 USD

2022-11-26 * "Waterbar" "" #trip-san-francisco-2022
  Liabilities:US:Chase:Slate                       -46.81 USD
  Expenses:Food:Restaurant                          46.81 USD

2022-11-26 * "Starbucks" "" #trip-san-francisco-2022
  Liabilities:US:Chase:Slate                        -4.62 USD
  Expenses:Food:Coffee                               4.62 USD

2022-11-27 * "Waterbar" "" #trip-san-francisco-2022
  Liabilities:US:Chase:Slate                       -42.75 USD
  Expenses:Food:Restaurant                          42.75 USD

2022-11-27 * "Mission Chinese Food" "" #trip-san-francisco-2022
  Liabilities:US:Chase:Slate                       -36.59 USD
  Expenses:Food:Restaurant                          36.59 USD

2022-11-28 * "Mission Chinese Food" "" #trip-san-francisco-2022
  Liabilities:US:Chase:Slate                       -23.92 USD
  Expenses:Food:Restaurant                          23.92 USD

2022-11-29 * "Bar Crudo" "" #trip-san-francisco-2022
  Liabilities:US:Chase:Slate                       -70.60 USD
  Expenses:Food:Restaurant                          70.60 USD

2022-11-29 * "Waterbar" "" #trip-san-francisco-2022
  Liabilities:US:Chase:Slate                       -62.01 USD
  Expenses:Food:Restaurant                          62.01 USD

2022-11-29 * "Starbucks" "" #trip-san-francisco-2022
  Liabilities:US:Chase:Slate                        -6.54 USD
  Expenses:Food:Coffee                               6.54 USD

2022-11-30 * "Bar Crudo" "" #trip-san-francisco-2022
  Liabilities:US:Chase:Slate                       -68.72 USD
  Expenses:Food:Restaurant                          68.72 USD

2022-11-30 * "Waterbar" "" #trip-san-francisco-2022
  Liabilities:US:Chase:Slate                       -48.80 USD
  Expenses:Food:Restaurant                          48.80 USD

2022-11-30 * "Mission Chinese Food" "" #trip-san-francisco-2022
  Liabilities:US:Chase:Slate                       -29.92 USD
  Expenses:Food:Restaurant                          29.92 USD

2022-12-01 * "Bar Crudo" "" #trip-san-francisco-2022
  Liabilities:US:Chase:Slate                       -67.86 USD
  Expenses:Food:Restaurant                          67.86 USD

2022-12-01 * "Consume vacation days"
  Assets:US:BayBook:Vacation                         -104 VACHR
  Expenses:Vacation                                   104 VACHR

2022-12-01 event "location" "New Metropolis"

2022-12-02 * "Jewel of Morroco" "Eating out alone"
  Liabilities:US:Chase:Slate                       -51.03 USD
  Expenses:Food:Restaurant                          51.03 USD

2022-12-06 * "Onion Market" "Buying groceries"
  Liabilities:US:Chase:Slate                      -100.21 USD
  Expenses:Food:Groceries                          100.21 USD

2022-12-07 * "Kin Soy" "Eating out after work"
  Liabilities:US:Chase:Slate                       -39.65 USD
  Expenses:Food:Restaurant                          39.65 USD

2022-12-08 * "Uncle Boons" "Eating out with Julie"
  Liabilities:US:Chase:Slate                       -25.67 USD
  Expenses:Food:Restaurant                          25.67 USD

2022-12-11 * "Cafe Modagor" "Eating out "
  Liabilities:US:Chase:Slate                       -47.24 USD
  Expenses:Food:Restaurant                          47.24 USD

2022-12-11 * "Chase:Slate" "Paying off credit card"
  Liabilities:US:Chase:Slate                       504.02 USD
  Assets:US:BofA:Checking                         -504.02 USD

2022-12-12 * "Metro Transport Authority" "Tram tickets"
  Liabilities:US:Chase:Slate                      -120.00 USD
  Expenses:Transport:Tram                          120.00 USD

2022-12-14 * "Kin Soy" "Eating out with work buddies"
  Liabilities:US:Chase:Slate                       -34.45 USD
  Expenses:Food:Restaurant                          34.45 USD

2022-12-15 balance Liabilities:US:Chase:Slate    -1728.22 USD

2022-12-19 * "Chichipotle" "Eating out with work buddies"
  Liabilities:US:Chase:Slate                       -55.20 USD
  Expenses:Food:Restaurant                          55.20 USD

2022-12-24 * "Rose Flower" "Eating out with Julie"
  Liabilities:US:Chase:Slate                       -30.79 USD
  Expenses:Food:Restaurant                          30.79 USD

2022-12-25 * "Kin Soy" "Eating out after work"
  Liabilities:US:Chase:Slate                       -17.92 USD
  Expenses:Food:Restaurant                          17.92 USD

2022-12-26 * "Farmer Fresh" "Buying groceries"
  Liabilities:US:Chase:Slate                      -111.76 USD
  Expenses:Food:Groceries                          111.76 USD

2022-12-29 * "China Garden" "Eating out "
  Liabilities:US:Chase:Slate                       -25.50 USD
  Expenses:Food:Restaurant                          25.50 USD

2022-12-30 * "Rose Flower" "Eating out after work"
  Liabilities:US:Chase:Slate                       -37.19 USD
  Expenses:Food:Restaurant                          37.19 USD

2023-01-01 * "Onion Market" "Buying groceries"
  Liabilities:US:Chase:Slate                      -115.70 USD
  Expenses:Food:Groceries                          115.70 USD

2023-01-03 * "Jewel of Morroco" "Eating out "
  Liabilities:US:Chase:Slate                       -29.88 USD
  Expenses:Food:Restaurant                          29.88 USD

2023-01-05 balance Liabilities:US:Chase:Slate    -2152.16 USD

2023-01-08 * "Goba Goba" "Eating out with Joe"
  Liabilities:US:Chase:Slate                       -20.41 USD
  Expenses:Food:Restaurant                          20.41 USD

2023-01-08 * "Metro Transport Authority" "Tram tickets"
  Liabilities:US:Chase:Slate                      -120.00 USD
  Expenses:Transport:Tram                          120.00 USD

2023-01-10 * "Chase:Slate" "Paying off credit card"
  Liabilities:US:Chase:Slate                       744.85 USD
  Assets:US:BofA:Checking                         -744.85 USD

2023-01-12 * "Jewel of Morroco" "Eating out with Joe"
  Liabilities:US:Chase:Slate                       -26.05 USD
  Expenses:Food:Restaurant                          26.05 USD

2023-01-14 * "Chichipotle" "Eating out alone"
  Liabilities:US:Chase:Slate                       -21.85 USD
  Expenses:Food:Restaurant                          21.85 USD

2023-01-15 * "Kin Soy" "Eating out after work"
  Liabilities:US:Chase:Slate                       -10.07 USD
  Expenses:Food:Restaurant                          10.07 USD

2023-01-19 * "Uncle Boons" "Eating out with work buddies"
  Liabilities:US:Chase:Slate                       -18.14 USD
  Expenses:Food:Restaurant                          18.14 USD

2023-01-20 * "Goba Goba" "Eating out with Bill"
  Liabilities:US:Chase:Slate                       -36.39 USD
  Expenses:Food:Restaurant                          36.39 USD

2023-01-21 * "Corner Deli" "Buying groceries"
  Liabilities:US:Chase:Slate                       -81.20 USD
  Expenses:Food:Groceries                           81.20 USD

2023-01-23 * "Rose Flower" "Eating out with work buddies"
  Liabilities:US:Chase:Slate                       -19.62 USD
  Expenses:Food:Restaurant                          19.62 USD

2023-01-25 * "Rose Flower" "Eating out with work buddies"
  Liabilities:US:Chase:Slate                       -10.61 USD
  Expenses:Food:Restaurant                          10.61 USD

2023-01-30 * "Rose Flower" "Eating out with work buddies"
  Liabilities:US:Chase:Slate                       -21.95 USD
  Expenses:Food:Restaurant                          21.95 USD

2023-02-02 * "Chichipotle" "Eating out with Bill"
  Liabilities:US:Chase:Slate                       -48.69 USD
  Expenses:Food:Restaurant                          48.69 USD

2023-02-03 balance Liabilities:US:Chase:Slate    -1842.29 USD

2023-02-03 * "Good Moods Market" "Buying groceries"
  Liabilities:US:Chase:Slate                       -70.33 USD
  Expenses:Food:Groceries                           70.33 USD

2023-02-04 * "Uncle Boons" "Eating out with Julie"
  Liabilities:US:Chase:Slate                       -27.41 USD
  Expenses:Food:Restaurant                          27.41 USD

2023-02-08 * "China Garden" "Eating out after work"
  Liabilities:US:Chase:Slate                       -32.87 USD
  Expenses:Food:Restaurant                          32.87 USD

2023-02-08 * "Corner Deli" "Buying groceries"
  Liabilities:US:Chase:Slate                       -57.40 USD
  Expenses:Food:Groceries                           57.40 USD

2023-02-09 * "Kin Soy" "Eating out alone"
  Liabilities:US:Chase:Slate                       -53.34 USD
  Expenses:Food:Restaurant                          53.34 USD

2023-02-09 * "Chase:Slate" "Paying off credit card"
  Liabilities:US:Chase:Slate                       509.87 USD
  Assets:US:BofA:Checking                         -509.87 USD

2023-02-10 * "Metro Transport Authority" "Tram tickets"
  Liabilities:US:Chase:Slate                      -120.00 USD
  Expenses:Transport:Tram                          120.00 USD

2023-02-11 * "Rose Flower" "Eating out with Natasha"
  Liabilities:US:Chase:Slate                       -28.42 USD
  Expenses:Food:Restaurant                          28.42 USD

2023-02-16 * "Rose Flower" "Eating out after work"
  Liabilities:US:Chase:Slate                       -27.10 USD
  Expenses:Food:Restaurant                          27.10 USD

2023-02-21 * "Rose Flower" "Eating out with Natasha"
  Liabilities:US:Chase:Slate                       -34.84 USD
  Expenses:Food:Restaurant                          34.84 USD

2023-02-25 balance Liabilities:US:Chase:Slate    -1784.13 USD

2023-02-25 * "Kin Soy" "Eating out with work buddies"
  Liabilities:US:Chase:Slate                       -13.31 USD
  Expenses:Food:Restaurant                          13.31 USD

2023-02-26 * "Rose Flower" "Eating out alone"
  Liabilities:US:Chase:Slate                       -33.59 USD
  Expenses:Food:Restaurant                          33.59 USD

2023-02-27 * "Farmer Fresh" "Buying groceries"
  Liabilities:US:Chase:Slate                      -124.93 USD
  Expenses:Food:Groceries                          124.93 USD

2023-03-03 * "China Garden" "Eating out alone"
  Liabilities:US:Chase:Slate                       -25.93 USD
  Expenses:Food:Restaurant                          25.93 USD

2023-03-05 * "Goba Goba" "Eating out with work buddies"
  Liabilities:US:Chase:Slate                       -27.98 USD
  Expenses:Food:Restaurant                          27.98 USD

2023-03-06 * "Cafe Modagor" "Eating out "
  Liabilities:US:Chase:Slate                       -30.15 USD
  Expenses:Food:Restaurant                          30.15 USD

2023-03-08 * "Jewel of Morroco" "Eating out with Joe"
  Liabilities:US:Chase:Slate                       -18.07 USD
  Expenses:Food:Restaurant                          18.07 USD

2023-03-08 * "Chase:Slate" "Paying off credit card"
  Liabilities:US:Chase:Slate                       484.32 USD
  Assets:US:BofA:Checking                         -484.32 USD

2023-03-13 * "Cafe Modagor" "Eating out with Natasha"
  Liabilities:US:Chase:Slate                       -24.48 USD
  Expenses:Food:Restaurant                          24.48 USD

2023-03-15 * "Metro Transport Authority" "Tram tickets"
  Liabilities:US:Chase:Slate                      -120.00 USD
  Expenses:Transport:Tram                          120.00 USD

2023-03-17 * "Jewel of Morroco" "Eating out with Bill"
  Liabilities:US:Chase:Slate                       -43.20 USD
  Expenses:Food:Restaurant                          43.20 USD

2023-03-18 balance Liabilities:US:Chase:Slate    -1761.45 USD

2023-03-18 * "Onion Market" "Buying groceries"
  Liabilities:US:Chase:Slate                       -65.21 USD
  Expenses:Food:Groceries                           65.21 USD

2023-03-22 * "Chichipotle" "Eating out "
  Liabilities:US:Chase:Slate                       -16.67 USD
  Expenses:Food:Restaurant                          16.67 USD

2023-03-23 * "Rose Flower" "Eating out "
  Liabilities:US:Chase:Slate                       -25.72 USD
  Expenses:Food:Restaurant                          25.72 USD

2023-03-24 * "Uncle Boons" "Eating out with Joe"
  Liabilities:US:Chase:Slate                       -23.59 USD
  Expenses:Food:Restaurant                          23.59 USD

2023-03-25 * "Chichipotle" "Eating out with Joe"
  Liabilities:US:Chase:Slate                       -26.43 USD
  Expenses:Food:Restaurant                          26.43 USD

2023-03-29 * "Rose Flower" "Eating out with Joe"
  Liabilities:US:Chase:Slate                       -42.66 USD
  Expenses:Food:Restaurant                          42.66 USD

2023-04-03 * "Uncle Boons" "Eating out with work buddies"
  Liabilities:US:Chase:Slate                       -20.99 USD
  Expenses:Food:Restaurant                          20.99 USD

2023-04-07 * "Jewel of Morroco" "Eating out with Natasha"
  Liabilities:US:Chase:Slate                       -40.63 USD
  Expenses:Food:Restaurant                          40.63 USD

2023-04-07 * "Onion Market" "Buying groceries"
  Liabilities:US:Chase:Slate                       -71.11 USD
  Expenses:Food:Groceries                           71.11 USD

2023-04-09 * "Chase:Slate" "Paying off credit card"
  Liabilities:US:Chase:Slate                       542.54 USD
  Assets:US:BofA:Checking                         -542.54 USD

2023-04-10 * "China Garden" "Eating out with work buddies"
  Liabilities:US:Chase:Slate                       -21.85 USD
  Expenses:Food:Restaurant                          21.85 USD

2023-04-13 * "Chichipotle" "Eating out with Joe"
  Liabilities:US:Chase:Slate                       -34.96 USD
  Expenses:Food:Restaurant                          34.96 USD

2023-04-14 balance Liabilities:US:Chase:Slate    -1608.73 USD

2023-04-14 * "Metro Transport Authority" "Tram tickets"
  Liabilities:US:Chase:Slate                      -120.00 USD
  Expenses:Transport:Tram                          120.00 USD

2023-04-18 * "Uncle Boons" "Eating out with work buddies"
  Liabilities:US:Chase:Slate                       -46.45 USD
  Expenses:Food:Restaurant                          46.45 USD

2023-04-20 * "Chichipotle" "Eating out with Bill"
  Liabilities:US:Chase:Slate                       -31.53 USD
  Expenses:Food:Restaurant                          31.53 USD

2023-04-20 * "Good Moods Market" "Buying groceries"
  Liabilities:US:Chase:Slate                      -105.36 USD
  Expenses:Food:Groceries                          105.36 USD

2023-04-21 * "Goba Goba" "Eating out with Julie"
  Liabilities:US:Chase:Slate                       -34.26 USD
  Expenses:Food:Restaurant                          34.26 USD

2023-04-22 * "Goba Goba" "Eating out alone"
  Liabilities:US:Chase:Slate                       -20.62 USD
  Expenses:Food:Restaurant                          20.62 USD

2023-04-24 * "Jewel of Morroco" "Eating out alone"
  Liabilities:US:Chase:Slate                       -33.38 USD
  Expenses:Food:Restaurant                          33.38 USD

2023-04-29 * "Rose Flower" "Eating out after work"
  Liabilities:US:Chase:Slate                       -34.40 USD
  Expenses:Food:Restaurant                          34.40 USD

2023-05-02 * "Goba Goba" "Eating out with Joe"
  Liabilities:US:Chase:Slate                       -27.44 USD
  Expenses:Food:Restaurant                          27.44 USD

2023-05-05 * "Goba Goba" "Eating out with Julie"
  Liabilities:US:Chase:Slate                       -29.59 USD
  Expenses:Food:Restaurant                          29.59 USD

2023-05-06 * "Corner Deli" "Buying groceries"
  Liabilities:US:Chase:Slate                       -95.44 USD
  Expenses:Food:Groceries                           95.44 USD

2023-05-07 balance Liabilities:US:Chase:Slate    -2187.20 USD

2023-05-08 * "Chase:Slate" "Paying off credit card"
  Liabilities:US:Chase:Slate                       626.68 USD
  Assets:US:BofA:Checking                         -626.68 USD

2023-05-10 * "Goba Goba" "Eating out with Bill"
  Liabilities:US:Chase:Slate                       -13.25 USD
  Expenses:Food:Restaurant                          13.25 USD

2023-05-12 * "Cafe Modagor" "Eating out with Joe"
  Liabilities:US:Chase:Slate                       -24.81 USD
  Expenses:Food:Restaurant                          24.81 USD

2023-05-13 * "Metro Transport Authority" "Tram tickets"
  Liabilities:US:Chase:Slate                      -120.00 USD
  Expenses:Transport:Tram                          120.00 USD

2023-05-14 * "Uncle Boons" "Eating out with Julie"
  Liabilities:US:Chase:Slate                       -33.02 USD
  Expenses:Food:Restaurant                          33.02 USD

2023-05-15 * "China Garden" "Eating out alone"
  Liabilities:US:Chase:Slate                       -13.67 USD
  Expenses:Food:Restaurant                          13.67 USD

2023-05-18 * "Uncle Boons" "Eating out with Julie"
  Liabilities:US:Chase:Slate                       -25.31 USD
  Expenses:Food:Restaurant                          25.31 USD

2023-05-23 * "Cafe Modagor" "Eating out with work buddies"
  Liabilities:US:Chase:Slate                       -59.44 USD
  Expenses:Food:Restaurant                          59.44 USD

2023-05-26 * "Onion Market" "Buying groceries"
  Liabilities:US:Chase:Slate                       -92.50 USD
  Expenses:Food:Groceries                           92.50 USD

2023-05-28 * "Chichipotle" "Eating out after work"
  Liabilities:US:Chase:Slate                       -20.77 USD
  Expenses:Food:Restaurant                          20.77 USD

2023-05-31 * "Kin Soy" "Eating out after work"
  Liabilities:US:Chase:Slate                       -21.24 USD
  Expenses:Food:Restaurant                          21.24 USD

2023-06-01 * "Jewel of Morroco" "Eating out with Julie"
  Liabilities:US:Chase:Slate                       -24.57 USD
  Expenses:Food:Restaurant                          24.57 USD

2023-06-03 balance Liabilities:US:Chase:Slate    -2009.10 USD

2023-06-06 * "Chichipotle" "Eating out with Joe"
  Liabilities:US:Chase:Slate                       -35.54 USD
  Expenses:Food:Restaurant                          35.54 USD

2023-06-09 * "Chase:Slate" "Paying off credit card"
  Liabilities:US:Chase:Slate                       503.08 USD
  Assets:US:BofA:Checking                         -503.08 USD

2023-06-11 * "Chichipotle" "Eating out after work"
  Liabilities:US:Chase:Slate                       -32.21 USD
  Expenses:Food:Restaurant                          32.21 USD

2023-06-12 * "Metro Transport Authority" "Tram tickets"
  Liabilities:US:Chase:Slate                      -120.00 USD
  Expenses:Transport:Tram                          120.00 USD

2023-06-15 * "Farmer Fresh" "Buying groceries"
  Liabilities:US:Chase:Slate                       -80.00 USD
  Expenses:Food:Groceries                           80.00 USD

2023-06-16 * "Goba Goba" "Eating out "
  Liabilities:US:Chase:Slate                       -35.93 USD
  Expenses:Food:Restaurant                          35.93 USD

2023-06-21 * "Jewel of Morroco" "Eating out with Julie"
  Liabilities:US:Chase:Slate                       -48.25 USD
  Expenses:Food:Restaurant                          48.25 USD

2023-06-23 * "China Garden" "Eating out with Natasha"
  Liabilities:US:Chase:Slate                       -30.01 USD
  Expenses:Food:Restaurant                          30.01 USD

2023-06-26 balance Liabilities:US:Chase:Slate    -1887.96 USD

2023-06-28 * "Jewel of Morroco" "Eating out with Joe"
  Liabilities:US:Chase:Slate                       -33.31 USD
  Expenses:Food:Restaurant                          33.31 USD

2023-07-02 * "Farmer Fresh" "Buying groceries"
  Liabilities:US:Chase:Slate                       -65.45 USD
  Expenses:Food:Groceries                           65.45 USD

2023-07-03 * "Uncle Boons" "Eating out with work buddies"
  Liabilities:US:Chase:Slate                       -27.70 USD
  Expenses:Food:Restaurant                          27.70 USD

2023-07-04 * "Kin Soy" "Eating out after work"
  Liabilities:US:Chase:Slate                       -33.67 USD
  Expenses:Food:Restaurant                          33.67 USD

2023-07-05 * "China Garden" "Eating out "
  Liabilities:US:Chase:Slate                       -20.04 USD
  Expenses:Food:Restaurant                          20.04 USD

2023-07-06 * "Kin Soy" "Eating out with Julie"
  Liabilities:US:Chase:Slate                       -52.51 USD
  Expenses:Food:Restaurant                          52.51 USD

2023-07-09 * "Kin Soy" "Eating out with Natasha"
  Liabilities:US:Chase:Slate                       -24.74 USD
  Expenses:Food:Restaurant                          24.74 USD

2023-07-11 * "Chase:Slate" "Paying off credit card"
  Liabilities:US:Chase:Slate                       609.20 USD
  Assets:US:BofA:Checking                         -609.20 USD

2023-07-13 * "Chichipotle" "Eating out with Bill"
  Liabilities:US:Chase:Slate                       -37.59 USD
  Expenses:Food:Restaurant                          37.59 USD

2023-07-15 * "China Garden" "Eating out with Joe"
  Liabilities:US:Chase:Slate                       -18.97 USD
  Expenses:Food:Restaurant                          18.97 USD

2023-07-15 * "Metro Transport Authority" "Tram tickets"
  Liabilities:US:Chase:Slate                      -120.00 USD
  Expenses:Transport:Tram                          120.00 USD

2023-07-18 * "Rose Flower" "Eating out with Julie"
  Liabilities:US:Chase:Slate                       -22.81 USD
  Expenses:Food:Restaurant                          22.81 USD

2023-07-19 * "Jewel of Morroco" "Eating out with Julie"
  Liabilities:US:Chase:Slate                       -17.04 USD
  Expenses:Food:Restaurant                          17.04 USD

2023-07-20 * "Uncle Boons" "Eating out with work buddies"
  Liabilities:US:Chase:Slate                       -25.67 USD
  Expenses:Food:Restaurant                          25.67 USD

2023-07-20 * "Farmer Fresh" "Buying groceries"
  Liabilities:US:Chase:Slate                      -133.52 USD
  Expenses:Food:Groceries                          133.52 USD

2023-07-23 * "Kin Soy" "Eating out "
  Liabilities:US:Chase:Slate                       -44.04 USD
  Expenses:Food:Restaurant                          44.04 USD

2023-07-24 balance Liabilities:US:Chase:Slate    -1955.82 USD

2023-07-28 * "Uncle Boons" "Eating out with Joe"
  Liabilities:US:Chase:Slate                       -16.22 USD
  Expenses:Food:Restaurant                          16.22 USD

2023-07-29 * "Uncle Boons" "Eating out with Joe"
  Liabilities:US:Chase:Slate                       -26.04 USD
  Expenses:Food:Restaurant                          26.04 USD

2023-08-03 * "Goba Goba" "Eating out alone"
  Liabilities:US:Chase:Slate                       -22.08 USD
  Expenses:Food:Restaurant                          22.08 USD

2023-08-03 * "Onion Market" "Buying groceries"
  Liabilities:US:Chase:Slate                       -78.40 USD
  Expenses:Food:Groceries                           78.40 USD

2023-08-07 * "Rose Flower" "Eating out after work"
  Liabilities:US:Chase:Slate                       -19.42 USD
  Expenses:Food:Restaurant                          19.42 USD

2023-08-08 * "Rose Flower" "Eating out with work buddies"
  Liabilities:US:Chase:Slate                       -28.55 USD
  Expenses:Food:Restaurant                          28.55 USD

2023-08-09 * "China Garden" "Eating out with Joe"
  Liabilities:US:Chase:Slate                       -45.87 USD
  Expenses:Food:Restaurant                          45.87 USD

2023-08-10 * "Chase:Slate" "Paying off credit card"
  Liabilities:US:Chase:Slate                       657.39 USD
  Assets:US:BofA:Checking                         -657.39 USD

2023-08-11 * "Jewel of Morroco" "Eating out "
  Liabilities:US:Chase:Slate                       -38.76 USD
  Expenses:Food:Restaurant                          38.76 USD

2023-08-14 * "China Garden" "Eating out "
  Liabilities:US:Chase:Slate                       -34.59 USD
  Expenses:Food:Restaurant                          34.59 USD

2023-08-14 * "Metro Transport Authority" "Tram tickets"
  Liabilities:US:Chase:Slate                      -120.00 USD
  Expenses:Transport:Tram                          120.00 USD

2023-08-15 * "Onion Market" "Buying groceries"
  Liabilities:US:Chase:Slate                       -59.57 USD
  Expenses:Food:Groceries                           59.57 USD

2023-08-17 * "Cafe Modagor" "Eating out after work"
  Liabilities:US:Chase:Slate                       -28.31 USD
  Expenses:Food:Restaurant                          28.31 USD

2023-08-19 balance Liabilities:US:Chase:Slate    -1816.24 USD

2023-08-22 * "China Garden" "Eating out with work buddies"
  Liabilities:US:Chase:Slate                       -33.15 USD
  Expenses:Food:Restaurant                          33.15 USD

2023-08-23 * "China Garden" "Eating out after work"
  Liabilities:US:Chase:Slate                       -21.83 USD
  Expenses:Food:Restaurant                          21.83 USD

2023-08-28 * "Kin Soy" "Eating out with Natasha"
  Liabilities:US:Chase:Slate                       -38.60 USD
  Expenses:Food:Restaurant                          38.60 USD

2023-09-01 * "Rose Flower" "Eating out after work"
  Liabilities:US:Chase:Slate                       -33.20 USD
  Expenses:Food:Restaurant                          33.20 USD

2023-09-01 * "Farmer Fresh" "Buying groceries"
  Liabilities:US:Chase:Slate                       -76.34 USD
  Expenses:Food:Groceries                           76.34 USD

2023-09-04 event "location" "San Francisco"

2023-09-06 * "Bar Crudo" "" #trip-san-francisco-2023
  Liabilities:US:Chase:Slate                       -72.62 USD
  Expenses:Food:Restaurant                          72.62 USD

2023-09-07 * "Mission Chinese Food" "" #trip-san-francisco-2023
  Liabilities:US:Chase:Slate                       -16.46 USD
  Expenses:Food:Restaurant                          16.46 USD

2023-09-08 * "Pizza Delfina" "" #trip-san-francisco-2023
  Liabilities:US:Chase:Slate                       -18.51 USD
  Expenses:Food:Restaurant                          18.51 USD

2023-09-10 balance Liabilities:US:Chase:Slate    -2126.95 USD

2023-09-10 * "Chase:Slate" "Paying off credit card"
  Liabilities:US:Chase:Slate                       483.39 USD
  Assets:US:BofA:Checking                         -483.39 USD

2023-09-11 * "Starbucks" "" #trip-san-francisco-2023
  Liabilities:US:Chase:Slate                        -6.65 USD
  Expenses:Food:Coffee                               6.65 USD

2023-09-12 * "Pizza Delfina" "" #trip-san-francisco-2023
  Liabilities:US:Chase:Slate                       -24.04 USD
  Expenses:Food:Restaurant                          24.04 USD

2023-09-13 * "Waterbar" "" #trip-san-francisco-2023
  Liabilities:US:Chase:Slate                       -50.77 USD
  Expenses:Food:Restaurant                          50.77 USD

2023-09-14 * "Pizza Delfina" "" #trip-san-francisco-2023
  Liabilities:US:Chase:Slate                       -23.67 USD
  Expenses:Food:Restaurant                          23.67 USD

2023-09-14 * "Waterbar" "" #trip-san-francisco-2023
  Liabilities:US:Chase:Slate                       -50.01 USD
  Expenses:Food:Restaurant                          50.01 USD

2023-09-15 * "Pizza Delfina" "" #trip-san-francisco-2023
  Liabilities:US:Chase:Slate                       -16.85 USD
  Expenses:Food:Restaurant                          16.85 USD

2023-09-15 * "Waterbar" "" #trip-san-francisco-2023
  Liabilities:US:Chase:Slate                       -50.93 USD
  Expenses:Food:Restaurant                          50.93 USD

2023-09-15 * "Mission Chinese Food" "" #trip-san-francisco-2023
  Liabilities:US:Chase:Slate                       -22.16 USD
  Expenses:Food:Restaurant                          22.16 USD

2023-09-16 * "Starbucks" "" #trip-san-francisco-2023
  Liabilities:US:Chase:Slate                        -5.50 USD
  Expenses:Food:Coffee                               5.50 USD

2023-09-17 * "Waterbar" "" #trip-san-francisco-2023
  Liabilities:US:Chase:Slate                       -48.74 USD
  Expenses:Food:Restaurant                          48.74 USD

2023-09-17 * "Starbucks" "" #trip-san-francisco-2023
  Liabilities:US:Chase:Slate                        -4.99 USD
  Expenses:Food:Coffee                               4.99 USD

2023-09-18 * "Mission Chinese Food" "" #trip-san-francisco-2023
  Liabilities:US:Chase:Slate                       -25.73 USD
  Expenses:Food:Restaurant                          25.73 USD

2023-09-18 * "Starbucks" "" #trip-san-francisco-2023
  Liabilities:US:Chase:Slate                        -6.92 USD
  Expenses:Food:Coffee                               6.92 USD

2023-09-19 * "Bar Crudo" "" #trip-san-francisco-2023
  Liabilities:US:Chase:Slate                       -70.43 USD
  Expenses:Food:Restaurant                          70.43 USD

2023-09-19 * "Mission Chinese Food" "" #trip-san-francisco-2023
  Liabilities:US:Chase:Slate                       -22.72 USD
  Expenses:Food:Restaurant                          22.72 USD

2023-09-20 * "Bar Crudo" "" #trip-san-francisco-2023
  Liabilities:US:Chase:Slate                       -70.05 USD
  Expenses:Food:Restaurant                          70.05 USD

2023-09-20 * "Waterbar" "" #trip-san-francisco-2023
  Liabilities:US:Chase:Slate                       -54.43 USD
  Expenses:Food:Restaurant                          54.43 USD

2023-09-22 * "Bar Crudo" "" #trip-san-francisco-2023
  Liabilities:US:Chase:Slate                       -80.58 USD
  Expenses:Food:Restaurant                          80.58 USD

2023-09-22 * "Waterbar" "" #trip-san-francisco-2023
  Liabilities:US:Chase:Slate                       -41.60 USD
  Expenses:Food:Restaurant                          41.60 USD

2023-09-22 * "Mission Chinese Food" "" #trip-san-francisco-2023
  Liabilities:US:Chase:Slate                       -21.42 USD
  Expenses:Food:Restaurant                          21.42 USD

2023-09-22 * "Consume vacation days"
  Assets:US:BayBook:Vacation                         -144 VACHR
  Expenses:Vacation                                   144 VACHR

2023-09-22 event "location" "New Metropolis"

2023-09-24 * "Goba Goba" "Eating out with Joe"
  Liabilities:US:Chase:Slate                       -37.80 USD
  Expenses:Food:Restaurant                          37.80 USD

2023-09-28 * "Cafe Modagor" "Eating out with Julie"
  Liabilities:US:Chase:Slate                       -27.96 USD
  Expenses:Food:Restaurant                          27.96 USD

2023-10-03 * "Chichipotle" "Eating out with Julie"
  Liabilities:US:Chase:Slate                       -41.08 USD
  Expenses:Food:Restaurant                          41.08 USD

2023-10-03 * "Farmer Fresh" "Buying groceries"
  Liabilities:US:Chase:Slate                      -106.73 USD
  Expenses:Food:Groceries                          106.73 USD

2023-10-06 balance Liabilities:US:Chase:Slate    -2555.32 USD

2023-10-07 * "Goba Goba" "Eating out with Bill"
  Liabilities:US:Chase:Slate                       -15.19 USD
  Expenses:Food:Restaurant                          15.19 USD

2023-10-08 * "Kin Soy" "Eating out with work buddies"
  Liabilities:US:Chase:Slate                       -23.91 USD
  Expenses:Food:Restaurant                          23.91 USD

2023-10-08 * "Chase:Slate" "Paying off credit card"
  Liabilities:US:Chase:Slate                       214.87 USD
  Assets:US:BofA:Checking                         -214.87 USD

2023-10-12 * "Chichipotle" "Eating out with Bill"
  Liabilities:US:Chase:Slate                       -27.92 USD
  Expenses:Food:Restaurant                          27.92 USD

2023-10-14 * "Metro Transport Authority" "Tram tickets"
  Liabilities:US:Chase:Slate                      -120.00 USD
  Expenses:Transport:Tram                          120.00 USD

2023-10-15 * "China Garden" "Eating out with work buddies"
  Liabilities:US:Chase:Slate                       -16.31 USD
  Expenses:Food:Restaurant                          16.31 USD

2023-10-18 * "China Garden" "Eating out with Natasha"
  Liabilities:US:Chase:Slate                       -28.27 USD
  Expenses:Food:Restaurant                          28.27 USD

2023-10-20 * "Farmer Fresh" "Buying groceries"
  Liabilities:US:Chase:Slate                       -77.78 USD
  Expenses:Food:Groceries                           77.78 USD

2023-10-23 * "Cafe Modagor" "Eating out with Natasha"
  Liabilities:US:Chase:Slate                       -27.76 USD
  Expenses:Food:Restaurant                          27.76 USD

2023-10-28 * "Jewel of Morroco" "Eating out with Joe"
  Liabilities:US:Chase:Slate                       -32.88 USD
  Expenses:Food:Restaurant                          32.88 USD

2023-10-31 * "Uncle Boons" "Eating out with work buddies"
  Liabilities:US:Chase:Slate                       -47.13 USD
  Expenses:Food:Restaurant                          47.13 USD

2023-11-02 balance Liabilities:US:Chase:Slate    -2757.60 USD

2023-11-02 * "Kin Soy" "Eating out after work"
  Liabilities:US:Chase:Slate                       -26.91 USD
  Expenses:Food:Restaurant                          26.91 USD

2023-11-05 * "Rose Flower" "Eating out after work"
  Liabilities:US:Chase:Slate                       -19.73 USD
  Expenses:Food:Restaurant                          19.73 USD

2023-11-06 * "Farmer Fresh" "Buying groceries"
  Liabilities:US:Chase:Slate                       -66.82 USD
  Expenses:Food:Groceries                           66.82 USD

2023-11-08 * "Chichipotle" "Eating out after work"
  Liabilities:US:Chase:Slate                       -17.71 USD
  Expenses:Food:Restaurant                          17.71 USD

2023-11-09 * "Chase:Slate" "Paying off credit card"
  Liabilities:US:Chase:Slate                       547.23 USD
  Assets:US:BofA:Checking                         -547.23 USD

2023-11-12 * "Chichipotle" "Eating out "
  Liabilities:US:Chase:Slate                       -38.01 USD
  Expenses:Food:Restaurant                          38.01 USD

2023-11-14 * "Good Moods Market" "Buying groceries"
  Liabilities:US:Chase:Slate                       -73.92 USD
  Expenses:Food:Groceries                           73.92 USD

2023-11-16 * "Metro Transport Authority" "Tram tickets"
  Liabilities:US:Chase:Slate                      -120.00 USD
  Expenses:Transport:Tram                          120.00 USD

2023-11-17 * "Rose Flower" "Eating out "
  Liabilities:US:Chase:Slate                       -25.17 USD
  Expenses:Food:Restaurant                          25.17 USD

2023-11-21 * "Cafe Modagor" "Eating out with Bill"
  Liabilities:US:Chase:Slate                       -16.02 USD
  Expenses:Food:Restaurant                          16.02 USD

2023-11-23 * "Uncle Boons" "Eating out with Joe"
  Liabilities:US:Chase:Slate                       -33.16 USD
  Expenses:Food:Restaurant                          33.16 USD

2023-11-24 * "China Garden" "Eating out with Bill"
  Liabilities:US:Chase:Slate                       -33.65 USD
  Expenses:Food:Restaurant                          33.65 USD

2023-11-26 * "Kin Soy" "Eating out with Joe"
  Liabilities:US:Chase:Slate                       -17.11 USD
  Expenses:Food:Restaurant                          17.11 USD

2023-11-28 * "Kin Soy" "Eating out "
  Liabilities:US:Chase:Slate                       -43.48 USD
  Expenses:Food:Restaurant                          43.48 USD

2023-11-29 balance Liabilities:US:Chase:Slate    -2742.06 USD

2023-11-29 * "Chichipotle" "Eating out after work"
  Liabilities:US:Chase:Slate                       -15.70 USD
  Expenses:Food:Restaurant                          15.70 USD

2023-11-30 * "Kin Soy" "Eating out with work buddies"
  Liabilities:US:Chase:Slate                       -38.59 USD
  Expenses:Food:Restaurant                          38.59 USD

2023-12-04 * "Kin Soy" "Eating out with Julie"
  Liabilities:US:Chase:Slate                       -47.31 USD
  Expenses:Food:Restaurant                          47.31 USD

2023-12-04 * "Good Moods Market" "Buying groceries"
  Liabilities:US:Chase:Slate                      -128.78 USD
  Expenses:Food:Groceries                          128.78 USD

2023-12-06 * "Goba Goba" "Eating out with Bill"
  Liabilities:US:Chase:Slate                       -34.26 USD
  Expenses:Food:Restaurant                          34.26 USD

2023-12-07 * "Chase:Slate" "Paying off credit card"
  Liabilities:US:Chase:Slate                       690.41 USD
  Assets:US:BofA:Checking                         -690.41 USD

2023-12-10 * "Corner Deli" "Buying groceries"
  Liabilities:US:Chase:Slate                       -63.26 USD
  Expenses:Food:Groceries                           63.26 USD

2023-12-11 * "Jewel of Morroco" "Eating out with Julie"
  Liabilities:US:Chase:Slate                       -19.45 USD
  Expenses:Food:Restaurant                          19.45 USD

2023-12-14 * "Cafe Modagor" "Eating out with Julie"
  Liabilities:US:Chase:Slate                       -26.47 USD
  Expenses:Food:Restaurant                          26.47 USD

2023-12-17 * "Metro Transport Authority" "Tram tickets"
  Liabilities:US:Chase:Slate                      -120.00 USD
  Expenses:Transport:Tram                          120.00 USD

2023-12-19 * "Cafe Modagor" "Eating out with Joe"
  Liabilities:US:Chase:Slate                       -19.16 USD
  Expenses:Food:Restaurant                          19.16 USD

2023-12-23 * "Goba Goba" "Eating out with Joe"
  Liabilities:US:Chase:Slate                       -83.19 USD
  Expenses:Food:Restaurant                          83.19 USD

2023-12-24 * "Corner Deli" "Buying groceries"
  Liabilities:US:Chase:Slate                       -71.58 USD
  Expenses:Food:Groceries                           71.58 USD

2023-12-26 * "China Garden" "Eating out alone"
  Liabilities:US:Chase:Slate                       -19.24 USD
  Expenses:Food:Restaurant                          19.24 USD

2023-12-29 balance Liabilities:US:Chase:Slate    -2738.64 USD

2023-12-29 * "Chichipotle" "Eating out after work"
  Liabilities:US:Chase:Slate                       -21.69 USD
  Expenses:Food:Restaurant                          21.69 USD

2023-12-29 * "Farmer Fresh" "Buying groceries"
  Liabilities:US:Chase:Slate                       -68.82 USD
  Expenses:Food:Groceries                           68.82 USD

2024-01-03 * "Chichipotle" "Eating out with Joe"
  Liabilities:US:Chase:Slate                       -21.54 USD
  Expenses:Food:Restaurant                          21.54 USD

2024-01-04 * "Onion Market" "Buying groceries"
  Liabilities:US:Chase:Slate                       -47.64 USD
  Expenses:Food:Groceries                           47.64 USD

2024-01-06 * "Jewel of Morroco" "Eating out with work buddies"
  Liabilities:US:Chase:Slate                       -31.59 USD
  Expenses:Food:Restaurant                          31.59 USD

2024-01-08 * "Jewel of Morroco" "Eating out "
  Liabilities:US:Chase:Slate                       -22.66 USD
  Expenses:Food:Restaurant                          22.66 USD

2024-01-09 * "Goba Goba" "Eating out "
  Liabilities:US:Chase:Slate                       -60.84 USD
  Expenses:Food:Restaurant                          60.84 USD

2024-01-10 * "Chase:Slate" "Paying off credit card"
  Liabilities:US:Chase:Slate                       664.04 USD
  Assets:US:BofA:Checking                         -664.04 USD

2024-01-11 * "China Garden" "Eating out "
  Liabilities:US:Chase:Slate                       -30.17 USD
  Expenses:Food:Restaurant                          30.17 USD

2024-01-13 * "Uncle Boons" "Eating out with work buddies"
  Liabilities:US:Chase:Slate                       -34.59 USD
  Expenses:Food:Restaurant                          34.59 USD

2024-01-15 * "Metro Transport Authority" "Tram tickets"
  Liabilities:US:Chase:Slate                      -120.00 USD
  Expenses:Transport:Tram                          120.00 USD

2024-01-16 * "China Garden" "Eating out after work"
  Liabilities:US:Chase:Slate                       -51.82 USD
  Expenses:Food:Restaurant                          51.82 USD

2024-01-16 * "Onion Market" "Buying groceries"
  Liabilities:US:Chase:Slate                       -97.22 USD
  Expenses:Food:Groceries                           97.22 USD

2024-01-20 * "Uncle Boons" "Eating out with Bill"
  Liabilities:US:Chase:Slate                       -26.78 USD
  Expenses:Food:Restaurant                          26.78 USD

2024-01-24 * "Good Moods Market" "Buying groceries"
  Liabilities:US:Chase:Slate                      -104.10 USD
  Expenses:Food:Groceries                          104.10 USD

2024-01-25 * "Chichipotle" "Eating out with Natasha"
  Liabilities:US:Chase:Slate                       -19.90 USD
  Expenses:Food:Restaurant                          19.90 USD

2024-01-26 * "Rose Flower" "Eating out with Julie"
  Liabilities:US:Chase:Slate                       -47.43 USD
  Expenses:Food:Restaurant                          47.43 USD

2024-01-27 balance Liabilities:US:Chase:Slate    -2881.39 USD

2024-01-27 * "Jewel of Morroco" "Eating out alone"
  Liabilities:US:Chase:Slate                       -23.13 USD
  Expenses:Food:Restaurant                          23.13 USD

2024-01-30 * "Jewel of Morroco" "Eating out with Joe"
  Liabilities:US:Chase:Slate                       -19.66 USD
  Expenses:Food:Restaurant                          19.66 USD

2024-02-04 * "Goba Goba" "Eating out alone"
  Liabilities:US:Chase:Slate                       -36.38 USD
  Expenses:Food:Restaurant                          36.38 USD

2024-02-05 * "Chichipotle" "Eating out with Julie"
  Liabilities:US:Chase:Slate                       -44.47 USD
  Expenses:Food:Restaurant                          44.47 USD

2024-02-09 * "Uncle Boons" "Eating out with Natasha"
  Liabilities:US:Chase:Slate                       -15.43 USD
  Expenses:Food:Restaurant                          15.43 USD

2024-02-09 * "Good Moods Market" "Buying groceries"
  Liabilities:US:Chase:Slate                      -127.28 USD
  Expenses:Food:Groceries                          127.28 USD

2024-02-10 * "Rose Flower" "Eating out with work buddies"
  Liabilities:US:Chase:Slate                       -25.80 USD
  Expenses:Food:Restaurant                          25.80 USD

2024-02-10 * "Chase:Slate" "Paying off credit card"
  Liabilities:US:Chase:Slate                       793.99 USD
  Assets:US:BofA:Checking                         -793.99 USD

2024-02-14 * "Kin Soy" "Eating out with Natasha"
  Liabilities:US:Chase:Slate                       -17.55 USD
  Expenses:Food:Restaurant                          17.55 USD

2024-02-17 * "Metro Transport Authority" "Tram tickets"
  Liabilities:US:Chase:Slate                      -120.00 USD
  Expenses:Transport:Tram                          120.00 USD

2024-02-18 * "Jewel of Morroco" "Eating out alone"
  Liabilities:US:Chase:Slate                       -40.47 USD
  Expenses:Food:Restaurant                          40.47 USD

2024-02-20 balance Liabilities:US:Chase:Slate    -2557.57 USD

2024-02-22 * "Farmer Fresh" "Buying groceries"
  Liabilities:US:Chase:Slate                       -85.20 USD
  Expenses:Food:Groceries                           85.20 USD

2024-02-23 * "Jewel of Morroco" "Eating out with work buddies"
  Liabilities:US:Chase:Slate                       -26.38 USD
  Expenses:Food:Restaurant                          26.38 USD

2024-02-27 * "Goba Goba" "Eating out with work buddies"
  Liabilities:US:Chase:Slate                       -33.54 USD
  Expenses:Food:Restaurant                          33.54 USD

2024-03-01 * "Rose Flower" "Eating out with Natasha"
  Liabilities:US:Chase:Slate                       -20.87 USD
  Expenses:Food:Restaurant                          20.87 USD

2024-03-06 * "Rose Flower" "Eating out with Natasha"
  Liabilities:US:Chase:Slate                       -17.04 USD
  Expenses:Food:Restaurant                          17.04 USD

2024-03-07 * "Onion Market" "Buying groceries"
  Liabilities:US:Chase:Slate                       -73.59 USD
  Expenses:Food:Groceries                           73.59 USD

2024-03-08 * "Rose Flower" "Eating out "
  Liabilities:US:Chase:Slate                       -28.28 USD
  Expenses:Food:Restaurant                          28.28 USD

2024-03-09 * "Chase:Slate" "Paying off credit card"
  Liabilities:US:Chase:Slate                       485.58 USD
  Assets:US:BofA:Checking                         -485.58 USD

2024-03-12 * "Goba Goba" "Eating out with work buddies"
  Liabilities:US:Chase:Slate                       -22.66 USD
  Expenses:Food:Restaurant                          22.66 USD

2024-03-14 balance Liabilities:US:Chase:Slate    -2379.55 USD

2024-03-16 * "Metro Transport Authority" "Tram tickets"
  Liabilities:US:Chase:Slate                      -120.00 USD
  Expenses:Transport:Tram                          120.00 USD

2024-03-17 * "Jewel of Morroco" "Eating out with work buddies"
  Liabilities:US:Chase:Slate                       -34.87 USD
  Expenses:Food:Restaurant                          34.87 USD

2024-03-22 * "Chichipotle" "Eating out with Julie"
  Liabilities:US:Chase:Slate                       -32.32 USD
  Expenses:Food:Restaurant                          32.32 USD

2024-03-23 * "Onion Market" "Buying groceries"
  Liabilities:US:Chase:Slate                      -101.22 USD
  Expenses:Food:Groceries                          101.22 USD

2024-03-26 * "Jewel of Morroco" "Eating out with Natasha"
  Liabilities:US:Chase:Slate                       -24.94 USD
  Expenses:Food:Restaurant                          24.94 USD

2024-03-29 * "China Garden" "Eating out with Julie"
  Liabilities:US:Chase:Slate                       -35.65 USD
  Expenses:Food:Restaurant                          35.65 USD

2024-03-30 * "Cafe Modagor" "Eating out with Julie"
  Liabilities:US:Chase:Slate                       -22.89 USD
  Expenses:Food:Restaurant                          22.89 USD

2024-03-31 * "China Garden" "Eating out with Julie"
  Liabilities:US:Chase:Slate                       -37.63 USD
  Expenses:Food:Restaurant                          37.63 USD

2024-04-01 event "location" "Chicago"

2024-04-02 * "25 Degrees Burger Bar" "" #trip-chicago-2024
  Liabilities:US:Chase:Slate                       -18.42 USD
  Expenses:Food:Restaurant                          18.42 USD

2024-04-02 * "Eataly Chicago" "" #trip-chicago-2024
  Liabilities:US:Chase:Slate                       -31.56 USD
  Expenses:Food:Restaurant                          31.56 USD

2024-04-03 * "25 Degrees Burger Bar" "" #trip-chicago-2024
  Liabilities:US:Chase:Slate                       -24.99 USD
  Expenses:Food:Restaurant                          24.99 USD

2024-04-03 * "Eataly Chicago" "" #trip-chicago-2024
  Liabilities:US:Chase:Slate                       -37.95 USD
  Expenses:Food:Restaurant                          37.95 USD

2024-04-03 * "Another Sports Pub" "" #trip-chicago-2024
  Liabilities:US:Chase:Slate                       -12.35 USD
  Expenses:Food:Alcohol                             12.35 USD

2024-04-04 * "Star of Siam" "" #trip-chicago-2024
  Liabilities:US:Chase:Slate                       -26.46 USD
  Expenses:Food:Restaurant                          26.46 USD

2024-04-04 * "25 Degrees Burger Bar" "" #trip-chicago-2024
  Liabilities:US:Chase:Slate                       -21.24 USD
  Expenses:Food:Restaurant                          21.24 USD

2024-04-04 * "Another Sports Pub" "" #trip-chicago-2024
  Liabilities:US:Chase:Slate                        -9.75 USD
  Expenses:Food:Alcohol                              9.75 USD

2024-04-05 * "Mercadito" "" #trip-chicago-2024
  Liabilities:US:Chase:Slate                       -26.14 USD
  Expenses:Food:Restaurant                          26.14 USD

2024-04-05 * "25 Degrees Burger Bar" "" #trip-chicago-2024
  Liabilities:US:Chase:Slate                       -17.94 USD
  Expenses:Food:Restaurant                          17.94 USD

2024-04-06 * "Eataly Chicago" "" #trip-chicago-2024
  Liabilities:US:Chase:Slate                       -49.62 USD
  Expenses:Food:Restaurant                          49.62 USD

2024-04-07 balance Liabilities:US:Chase:Slate    -3065.49 USD

2024-04-08 * "25 Degrees Burger Bar" "" #trip-chicago-2024
  Liabilities:US:Chase:Slate                       -17.93 USD
  Expenses:Food:Restaurant                          17.93 USD

2024-04-08 * "Argo Tea" "" #trip-chicago-2024
  Liabilities:US:Chase:Slate                        -5.74 USD
  Expenses:Food:Coffee                               5.74 USD

2024-04-10 * "25 Degrees Burger Bar" "" #trip-chicago-2024
  Liabilities:US:Chase:Slate                       -20.63 USD
  Expenses:Food:Restaurant                          20.63 USD

2024-04-11 * "25 Degrees Burger Bar" "" #trip-chicago-2024
  Liabilities:US:Chase:Slate                       -21.38 USD
  Expenses:Food:Restaurant                          21.38 USD

2024-04-11 * "Another Sports Pub" "" #trip-chicago-2024
  Liabilities:US:Chase:Slate                       -14.75 USD
  Expenses:Food:Alcohol                             14.75 USD

2024-04-11 * "Argo Tea" "" #trip-chicago-2024
  Liabilities:US:Chase:Slate                        -5.39 USD
  Expenses:Food:Coffee                               5.39 USD

2024-04-11 * "Chase:Slate" "Paying off credit card"
  Liabilities:US:Chase:Slate                       465.36 USD
  Assets:US:BofA:Checking                         -465.36 USD

2024-04-12 * "Star of Siam" "" #trip-chicago-2024
  Liabilities:US:Chase:Slate                       -25.25 USD
  Expenses:Food:Restaurant                          25.25 USD

2024-04-12 * "25 Degrees Burger Bar" "" #trip-chicago-2024
  Liabilities:US:Chase:Slate                       -23.43 USD
  Expenses:Food:Restaurant                          23.43 USD

2024-04-13 * "Consume vacation days"
  Assets:US:BayBook:Vacation                          -96 VACHR
  Expenses:Vacation                                    96 VACHR

2024-04-13 event "location" "New Metropolis"

2024-04-14 * "Goba Goba" "Eating out alone"
  Liabilities:US:Chase:Slate                       -55.84 USD
  Expenses:Food:Restaurant                          55.84 USD

2024-04-16 * "China Garden" "Eating out after work"
  Liabilities:US:Chase:Slate                       -32.85 USD
  Expenses:Food:Restaurant                          32.85 USD

2024-04-18 * "Uncle Boons" "Eating out with Natasha"
  Liabilities:US:Chase:Slate                       -59.65 USD
  Expenses:Food:Restaurant                          59.65 USD

2024-04-19 * "Farmer Fresh" "Buying groceries"
  Liabilities:US:Chase:Slate                       -53.21 USD
  Expenses:Food:Groceries                           53.21 USD

2024-04-22 * "Uncle Boons" "Eating out with Joe"
  Liabilities:US:Chase:Slate                       -58.00 USD
  Expenses:Food:Restaurant                          58.00 USD

2024-04-24 * "Corner Deli" "Buying groceries"
  Liabilities:US:Chase:Slate                       -93.78 USD
  Expenses:Food:Groceries                           93.78 USD

2024-04-27 * "China Garden" "Eating out with work buddies"
  Liabilities:US:Chase:Slate                       -31.13 USD
  Expenses:Food:Restaurant                          31.13 USD

2024-04-28 * "China Garden" "Eating out with Julie"
  Liabilities:US:Chase:Slate                       -28.32 USD
  Expenses:Food:Restaurant                          28.32 USD

2024-04-30 balance Liabilities:US:Chase:Slate    -3147.41 USD

2024-04-30 * "China Garden" "Eating out with Julie"
  Liabilities:US:Chase:Slate                       -16.87 USD
  Expenses:Food:Restaurant                          16.87 USD

2024-05-03 * "Corner Deli" "Buying groceries"
  Liabilities:US:Chase:Slate                       -76.90 USD
  Expenses:Food:Groceries                           76.90 USD

2024-05-04 * "Kin Soy" "Eating out with Bill"
  Liabilities:US:Chase:Slate                       -57.27 USD
  Expenses:Food:Restaurant                          57.27 USD

2024-05-06 * "Goba Goba" "Eating out with Joe"
  Liabilities:US:Chase:Slate                       -33.42 USD
  Expenses:Food:Restaurant                          33.42 USD

2024-05-07 * "China Garden" "Eating out with work buddies"
  Liabilities:US:Chase:Slate                       -30.01 USD
  Expenses:Food:Restaurant                          30.01 USD

2024-05-08 * "Chase:Slate" "Paying off credit card"
  Liabilities:US:Chase:Slate                       622.38 USD
  Assets:US:BofA:Checking                         -622.38 USD

2024-05-09 * "Jewel of Morroco" "Eating out "
  Liabilities:US:Chase:Slate                       -50.97 USD
  Expenses:Food:Restaurant                          50.97 USD

2024-05-09 * "Metro Transport Authority" "Tram tickets"
  Liabilities:US:Chase:Slate                      -120.00 USD
  Expenses:Transport:Tram                          120.00 USD

2024-05-12 * "Chichipotle" "Eating out with work buddies"
  Liabilities:US:Chase:Slate                       -16.92 USD
  Expenses:Food:Restaurant                          16.92 USD

2024-05-14 * "Jewel of Morroco" "Eating out "
  Liabilities:US:Chase:Slate                       -17.05 USD
  Expenses:Food:Restaurant                          17.05 USD

2024-05-16 * "Good Moods Market" "Buying groceries"
  Liabilities:US:Chase:Slate                       -92.22 USD
  Expenses:Food:Groceries                           92.22 USD

2024-05-18 * "Rose Flower" "Eating out with work buddies"
  Liabilities:US:Chase:Slate                       -32.19 USD
  Expenses:Food:Restaurant                          32.19 USD

2024-05-22 * "Rose Flower" "Eating out alone"
  Liabilities:US:Chase:Slate                       -43.78 USD
  Expenses:Food:Restaurant                          43.78 USD

2024-05-26 * "Uncle Boons" "Eating out with work buddies"
  Liabilities:US:Chase:Slate                       -40.23 USD
  Expenses:Food:Restaurant                          40.23 USD

2024-05-26 * "Farmer Fresh" "Buying groceries"
  Liabilities:US:Chase:Slate                       -59.70 USD
  Expenses:Food:Groceries                           59.70 USD

2024-05-27 * "Cafe Modagor" "Eating out with work buddies"
  Liabilities:US:Chase:Slate                       -18.46 USD
  Expenses:Food:Restaurant                          18.46 USD

2024-05-29 balance Liabilities:US:Chase:Slate    -3231.02 USD

2024-06-01 * "Uncle Boons" "Eating out with Julie"
  Liabilities:US:Chase:Slate                       -21.18 USD
  Expenses:Food:Restaurant                          21.18 USD

2024-06-02 * "Goba Goba" "Eating out with work buddies"
  Liabilities:US:Chase:Slate                       -18.58 USD
  Expenses:Food:Restaurant                          18.58 USD

2024-06-03 * "Cafe Modagor" "Eating out with Bill"
  Liabilities:US:Chase:Slate                       -33.10 USD
  Expenses:Food:Restaurant                          33.10 USD

2024-06-05 * "Metro Transport Authority" "Tram tickets"
  Liabilities:US:Chase:Slate                      -120.00 USD
  Expenses:Transport:Tram                          120.00 USD

2024-06-07 * "Chase:Slate" "Paying off credit card"
  Liabilities:US:Chase:Slate                       650.58 USD
  Assets:US:BofA:Checking                         -650.58 USD

2024-06-08 * "Jewel of Morroco" "Eating out with Natasha"
  Liabilities:US:Chase:Slate                       -17.17 USD
  Expenses:Food:Restaurant                          17.17 USD

2024-06-09 * "Chichipotle" "Eating out with Julie"
  Liabilities:US:Chase:Slate                       -24.35 USD
  Expenses:Food:Restaurant                          24.35 USD

2024-06-14 * "Chichipotle" "Eating out with Joe"
  Liabilities:US:Chase:Slate                       -49.34 USD
  Expenses:Food:Restaurant                          49.34 USD

2024-06-15 * "Farmer Fresh" "Buying groceries"
  Liabilities:US:Chase:Slate                       -63.89 USD
  Expenses:Food:Groceries                           63.89 USD

2024-06-16 * "Kin Soy" "Eating out with Bill"
  Liabilities:US:Chase:Slate                       -31.60 USD
  Expenses:Food:Restaurant                          31.60 USD

2024-06-21 * "Cafe Modagor" "Eating out with Julie"
  Liabilities:US:Chase:Slate                       -54.07 USD
  Expenses:Food:Restaurant                          54.07 USD

2024-06-23 * "Uncle Boons" "Eating out with Bill"
  Liabilities:US:Chase:Slate                       -26.87 USD
  Expenses:Food:Restaurant                          26.87 USD

2024-06-23 * "Farmer Fresh" "Buying groceries"
  Liabilities:US:Chase:Slate                      -101.24 USD
  Expenses:Food:Groceries                          101.24 USD

2024-06-27 * "Kin Soy" "Eating out with Joe"
  Liabilities:US:Chase:Slate                       -45.96 USD
  Expenses:Food:Restaurant                          45.96 USD

2024-06-28 balance Liabilities:US:Chase:Slate    -3187.79 USD

2024-06-29 * "Corner Deli" "Buying groceries"
  Liabilities:US:Chase:Slate                       -85.26 USD
  Expenses:Food:Groceries                           85.26 USD

2024-07-02 * "Jewel of Morroco" "Eating out with Natasha"
  Liabilities:US:Chase:Slate                       -31.03 USD
  Expenses:Food:Restaurant                          31.03 USD

2024-07-03 * "Jewel of Morroco" "Eating out with work buddies"
  Liabilities:US:Chase:Slate                       -29.06 USD
  Expenses:Food:Restaurant                          29.06 USD

2024-07-04 * "Metro Transport Authority" "Tram tickets"
  Liabilities:US:Chase:Slate                      -120.00 USD
  Expenses:Transport:Tram                          120.00 USD

2024-07-05 * "Kin Soy" "Eating out with Bill"
  Liabilities:US:Chase:Slate                       -53.68 USD
  Expenses:Food:Restaurant                          53.68 USD

2024-07-06 * "Chichipotle" "Eating out with Joe"
  Liabilities:US:Chase:Slate                       -23.31 USD
  Expenses:Food:Restaurant                          23.31 USD

2024-07-09 * "Chase:Slate" "Paying off credit card"
  Liabilities:US:Chase:Slate                       811.01 USD
  Assets:US:BofA:Checking                         -811.01 USD

2024-07-10 * "Onion Market" "Buying groceries"
  Liabilities:US:Chase:Slate                       -71.35 USD
  Expenses:Food:Groceries                           71.35 USD

2024-07-11 * "Jewel of Morroco" "Eating out "
  Liabilities:US:Chase:Slate                       -30.30 USD
  Expenses:Food:Restaurant                          30.30 USD

2024-07-12 * "Cafe Modagor" "Eating out with Joe"
  Liabilities:US:Chase:Slate                       -10.24 USD
  Expenses:Food:Restaurant                          10.24 USD

2024-07-13 * "Cafe Modagor" "Eating out after work"
  Liabilities:US:Chase:Slate                       -18.32 USD
  Expenses:Food:Restaurant                          18.32 USD

2024-07-17 * "Onion Market" "Buying groceries"
  Liabilities:US:Chase:Slate                      -100.04 USD
  Expenses:Food:Groceries                          100.04 USD

2024-07-18 * "Uncle Boons" "Eating out after work"
  Liabilities:US:Chase:Slate                       -46.18 USD
  Expenses:Food:Restaurant                          46.18 USD

2024-07-21 * "Kin Soy" "Eating out with Julie"
  Liabilities:US:Chase:Slate                       -46.06 USD
  Expenses:Food:Restaurant                          46.06 USD

2024-07-23 * "China Garden" "Eating out with Julie"
  Liabilities:US:Chase:Slate                       -16.92 USD
  Expenses:Food:Restaurant                          16.92 USD

2024-07-26 balance Liabilities:US:Chase:Slate    -3058.53 USD

2024-07-26 * "Cafe Modagor" "Eating out with Natasha"
  Liabilities:US:Chase:Slate                       -21.81 USD
  Expenses:Food:Restaurant                          21.81 USD

2024-07-27 * "China Garden" "Eating out alone"
  Liabilities:US:Chase:Slate                       -18.72 USD
  Expenses:Food:Restaurant                          18.72 USD

2024-07-29 * "Rose Flower" "Eating out alone"
  Liabilities:US:Chase:Slate                       -40.50 USD
  Expenses:Food:Restaurant                          40.50 USD

2024-08-01 * "Goba Goba" "Eating out with Natasha"
  Liabilities:US:Chase:Slate                       -36.83 USD
  Expenses:Food:Restaurant                          36.83 USD

2024-08-01 * "Metro Transport Authority" "Tram tickets"
  Liabilities:US:Chase:Slate                      -120.00 USD
  Expenses:Transport:Tram                          120.00 USD

2024-08-02 * "Uncle Boons" "Eating out with Joe"
  Liabilities:US:Chase:Slate                       -50.47 USD
  Expenses:Food:Restaurant                          50.47 USD

2024-08-02 * "Onion Market" "Buying groceries"
  Liabilities:US:Chase:Slate                       -69.50 USD
  Expenses:Food:Groceries                           69.50 USD

2024-08-03 * "Cafe Modagor" "Eating out with Julie"
  Liabilities:US:Chase:Slate                       -19.39 USD
  Expenses:Food:Restaurant                          19.39 USD

2024-08-07 * "Goba Goba" "Eating out with Julie"
  Liabilities:US:Chase:Slate                       -30.48 USD
  Expenses:Food:Restaurant                          30.48 USD

2024-08-11 * "Chase:Slate" "Paying off credit card"
  Liabilities:US:Chase:Slate                       699.60 USD
  Assets:US:BofA:Checking                         -699.60 USD

2024-08-12 * "Kin Soy" "Eating out with Bill"
  Liabilities:US:Chase:Slate                       -23.84 USD
  Expenses:Food:Restaurant                          23.84 USD

2024-08-13 * "Cafe Modagor" "Eating out with Bill"
  Liabilities:US:Chase:Slate                       -42.22 USD
  Expenses:Food:Restaurant                          42.22 USD

2024-08-15 * "China Garden" "Eating out with Natasha"
  Liabilities:US:Chase:Slate                       -17.25 USD
  Expenses:Food:Restaurant                          17.25 USD

2024-08-17 * "Farmer Fresh" "Buying groceries"
  Liabilities:US:Chase:Slate                       -99.22 USD
  Expenses:Food:Groceries                           99.22 USD

2024-08-18 * "Rose Flower" "Eating out with Joe"
  Liabilities:US:Chase:Slate                       -28.22 USD
  Expenses:Food:Restaurant                          28.22 USD

2024-08-19 balance Liabilities:US:Chase:Slate    -2977.38 USD

2024-08-23 * "Rose Flower" "Eating out with Bill"
  Liabilities:US:Chase:Slate                       -33.86 USD
  Expenses:Food:Restaurant                          33.86 USD

2024-08-24 * "Rose Flower" "Eating out alone"
  Liabilities:US:Chase:Slate                       -38.40 USD
  Expenses:Food:Restaurant                          38.40 USD

2024-08-26 * "Uncle Boons" "Eating out alone"
  Liabilities:US:Chase:Slate                       -16.36 USD
  Expenses:Food:Restaurant                          16.36 USD

2024-08-27 * "Kin Soy" "Eating out with Bill"
  Liabilities:US:Chase:Slate                       -33.91 USD
  Expenses:Food:Restaurant                          33.91 USD

2024-08-30 * "Jewel of Morroco" "Eating out "
  Liabilities:US:Chase:Slate                       -23.39 USD
  Expenses:Food:Restaurant                          23.39 USD

2024-08-31 * "Metro Transport Authority" "Tram tickets"
  Liabilities:US:Chase:Slate                      -120.00 USD
  Expenses:Transport:Tram                          120.00 USD

2024-09-02 * "Corner Deli" "Buying groceries"
  Liabilities:US:Chase:Slate                       -51.65 USD
  Expenses:Food:Groceries                           51.65 USD

2024-09-04 * "Kin Soy" "Eating out with Bill"
  Liabilities:US:Chase:Slate                       -90.50 USD
  Expenses:Food:Restaurant                          90.50 USD

2024-09-07 * "Chase:Slate" "Paying off credit card"
  Liabilities:US:Chase:Slate                       639.90 USD
  Assets:US:BofA:Checking                         -639.90 USD

2024-09-08 balance Liabilities:US:Chase:Slate    -2745.55 USD

2024-09-09 * "Kin Soy" "Eating out with work buddies"
  Liabilities:US:Chase:Slate                       -44.92 USD
  Expenses:Food:Restaurant                          44.92 USD

2024-09-09 * "Farmer Fresh" "Buying groceries"
  Liabilities:US:Chase:Slate                       -60.76 USD
  Expenses:Food:Groceries                           60.76 USD

2024-09-11 * "Chichipotle" "Eating out after work"
  Liabilities:US:Chase:Slate                       -36.52 USD
  Expenses:Food:Restaurant                          36.52 USD

2024-09-15 * "China Garden" "Eating out with Bill"
  Liabilities:US:Chase:Slate                       -43.61 USD
  Expenses:Food:Restaurant                          43.61 USD

2024-09-20 * "Uncle Boons" "Eating out alone"
  Liabilities:US:Chase:Slate                       -25.15 USD
  Expenses:Food:Restaurant                          25.15 USD

2024-09-23 * "Uncle Boons" "Eating out with Bill"
  Liabilities:US:Chase:Slate                       -46.74 USD
  Expenses:Food:Restaurant                          46.74 USD

2024-09-26 * "Uncle Boons" "Eating out alone"
  Liabilities:US:Chase:Slate                       -41.37 USD
  Expenses:Food:Restaurant                          41.37 USD

2024-09-28 * "Jewel of Morroco" "Eating out with Natasha"
  Liabilities:US:Chase:Slate                       -49.78 USD
  Expenses:Food:Restaurant                          49.78 USD

2024-09-28 * "Corner Deli" "Buying groceries"
  Liabilities:US:Chase:Slate                       -64.17 USD
  Expenses:Food:Groceries                           64.17 USD

2024-09-28 * "Metro Transport Authority" "Tram tickets"
  Liabilities:US:Chase:Slate                      -120.00 USD
  Expenses:Transport:Tram                          120.00 USD

2024-09-29 balance Liabilities:US:Chase:Slate    -3278.57 USD

2024-09-29 * "China Garden" "Eating out with Julie"
  Liabilities:US:Chase:Slate                       -51.31 USD
  Expenses:Food:Restaurant                          51.31 USD

2024-09-30 * "Jewel of Morroco" "Eating out after work"
  Liabilities:US:Chase:Slate                       -33.45 USD
  Expenses:Food:Restaurant                          33.45 USD

2024-10-03 * "Chichipotle" "Eating out with Natasha"
  Liabilities:US:Chase:Slate                       -41.22 USD
  Expenses:Food:Restaurant                          41.22 USD

2024-10-04 * "China Garden" "Eating out with Natasha"
  Liabilities:US:Chase:Slate                       -22.72 USD
  Expenses:Food:Restaurant                          22.72 USD

2024-10-07 * "Uncle Boons" "Eating out with Bill"
  Liabilities:US:Chase:Slate                       -17.14 USD
  Expenses:Food:Restaurant                          17.14 USD

2024-10-09 * "Uncle Boons" "Eating out with Joe"
  Liabilities:US:Chase:Slate                       -39.35 USD
  Expenses:Food:Restaurant                          39.35 USD

2024-10-09 * "Farmer Fresh" "Buying groceries"
  Liabilities:US:Chase:Slate                       -68.97 USD
  Expenses:Food:Groceries                           68.97 USD

2024-10-11 * "Uncle Boons" "Eating out after work"
  Liabilities:US:Chase:Slate                       -30.38 USD
  Expenses:Food:Restaurant                          30.38 USD

2024-10-13 * "China Garden" "Eating out "
  Liabilities:US:Chase:Slate                       -36.50 USD
  Expenses:Food:Restaurant                          36.50 USD

2024-10-18 * "Chichipotle" "Eating out with Bill"
  Liabilities:US:Chase:Slate                       -51.47 USD
  Expenses:Food:Restaurant                          51.47 USD

2024-10-20 * "Kin Soy" "Eating out with Natasha"
  Liabilities:US:Chase:Slate                       -33.14 USD
  Expenses:Food:Restaurant                          33.14 USD

2024-10-22 balance Liabilities:US:Chase:Slate    -3704.22 USD

2024-10-23 * "Cafe Modagor" "Eating out alone"
  Liabilities:US:Chase:Slate                       -33.55 USD
  Expenses:Food:Restaurant                          33.55 USD



* Taxable Investments

2022-01-01 open Assets:US:ETrade:Cash                       USD
2022-01-01 open Assets:US:ETrade:ITOT                       ITOT
2022-01-01 open Assets:US:ETrade:VEA                       VEA
2022-01-01 open Assets:US:ETrade:VHT                       VHT
2022-01-01 open Assets:US:ETrade:GLD                       GLD
2022-01-01 open Income:US:ETrade:PnL                        USD
2022-01-01 open Income:US:ETrade:ITOT:Dividend              USD
2022-01-01 open Income:US:ETrade:VEA:Dividend              USD
2022-01-01 open Income:US:ETrade:VHT:Dividend              USD
2022-01-01 open Income:US:ETrade:GLD:Dividend              USD

2022-08-22 * "Buy shares of GLD"
  Assets:US:ETrade:Cash                           -683.47 USD
  Assets:US:ETrade:GLD                                  4 GLD {168.63 USD, 2022-08-22}
  Expenses:Financial:Commissions                     8.95 USD

2022-08-22 * "Buy shares of VEA"
  Assets:US:ETrade:Cash                           -676.75 USD
  Assets:US:ETrade:VEA                                  7 VEA {95.40 USD, 2022-08-22}
  Expenses:Financial:Commissions                     8.95 USD

2022-08-22 * "Buy shares of ITOT"
  Assets:US:ETrade:Cash                           -651.11 USD
  Assets:US:ETrade:ITOT                                 8 ITOT {80.27 USD, 2022-08-22}
  Expenses:Financial:Commissions                     8.95 USD

2022-08-22 * "Buy shares of VHT"
  Assets:US:ETrade:Cash                           -582.99 USD
  Assets:US:ETrade:VHT                                  4 VHT {143.51 USD, 2022-08-22}
  Expenses:Financial:Commissions                     8.95 USD

2022-09-03 * "Sell shares of VHT"
  Assets:US:ETrade:VHT                                 -4 VHT {143.51 USD, 2022-08-22} @ 147.44 USD
  Assets:US:ETrade:Cash                            580.81 USD
  Expenses:Financial:Commissions                     8.95 USD
  Income:US:ETrade:PnL                             -15.72 USD

2022-09-18 * "Dividends on portfolio"
  Assets:US:ETrade:Cash                             10.23 USD
  Income:US:ETrade:GLD:Dividend                    -10.23 USD

2022-10-20 * "Sell shares of ITOT"
  Assets:US:ETrade:ITOT                                -8 ITOT {80.27 USD, 2022-08-22} @ 81.51 USD
  Assets:US:ETrade:Cash                            643.13 USD
  Expenses:Financial:Commissions                     8.95 USD
  Income:US:ETrade:PnL                              -9.92 USD

2022-10-21 * "Buy shares of ITOT"
  Assets:US:ETrade:Cash                          -5078.69 USD
  Assets:US:ETrade:ITOT                                62 ITOT {81.77 USD, 2022-10-21}
  Expenses:Financial:Commissions                     8.95 USD

2022-12-06 * "Sell shares of ITOT"
  Assets:US:ETrade:ITOT                               -62 ITOT {81.77 USD, 2022-10-21} @ 84.52 USD
  Assets:US:ETrade:Cash                           5231.29 USD
  Expenses:Financial:Commissions                     8.95 USD
  Income:US:ETrade:PnL                            -170.50 USD

2022-12-14 * "Sell shares of VEA"
  Assets:US:ETrade:VEA                                 -7 VEA {95.40 USD, 2022-08-22} @ 93.47 USD
  Assets:US:ETrade:Cash                            645.34 USD
  Expenses:Financial:Commissions                     8.95 USD
  Income:US:ETrade:PnL                              13.51 USD

2022-12-17 * "Dividends on portfolio"
  Assets:US:ETrade:Cash                             30.51 USD
  Income:US:ETrade:VHT:Dividend                    -30.51 USD

2022-12-21 * "Sell shares of GLD"
  Assets:US:ETrade:GLD                                 -4 GLD {168.63 USD, 2022-08-22} @ 180.29 USD
  Assets:US:ETrade:Cash                            712.21 USD
  Expenses:Financial:Commissions                     8.95 USD
  Income:US:ETrade:PnL                             -46.64 USD

2023-01-15 * "Buy shares of ITOT"
  Assets:US:ETrade:Cash                          -3254.53 USD
  Assets:US:ETrade:ITOT                                38 ITOT {85.41 USD, 2023-01-15}
  Expenses:Financial:Commissions                     8.95 USD

2023-01-15 * "Buy shares of VEA"
  Assets:US:ETrade:Cash                          -3256.29 USD
  Assets:US:ETrade:VEA                                 34 VEA {95.51 USD, 2023-01-15}
  Expenses:Financial:Commissions                     8.95 USD

2023-02-27 * "Sell shares of ITOT"
  Assets:US:ETrade:ITOT                               -38 ITOT {85.41 USD, 2023-01-15} @ 90.84 USD
  Assets:US:ETrade:Cash                           3442.97 USD
  Expenses:Financial:Commissions                     8.95 USD
  Income:US:ETrade:PnL                            -206.34 USD

2023-03-02 * "Buy shares of VHT"
  Assets:US:ETrade:Cash                          -1681.61 USD
  Assets:US:ETrade:VHT                                 11 VHT {152.06 USD, 2023-03-02}
  Expenses:Financial:Commissions                     8.95 USD

2023-03-02 * "Buy shares of ITOT"
  Assets:US:ETrade:Cash                          -1644.07 USD
  Assets:US:ETrade:ITOT                                18 ITOT {90.84 USD, 2023-03-02}
  Expenses:Financial:Commissions                     8.95 USD

2023-03-18 * "Dividends on portfolio"
  Assets:US:ETrade:Cash                             69.72 USD
  Income:US:ETrade:VEA:Dividend                    -69.72 USD

2023-05-02 * "Sell shares of VHT"
  Assets:US:ETrade:VHT                                -11 VHT {152.06 USD, 2023-03-02} @ 154.44 USD
  Assets:US:ETrade:Cash                           1689.89 USD
  Expenses:Financial:Commissions                     8.95 USD
  Income:US:ETrade:PnL                             -26.18 USD

2023-05-31 * "Buy shares of GLD"
  Assets:US:ETrade:Cash                           -344.61 USD
  Assets:US:ETrade:GLD                                  2 GLD {167.83 USD, 2023-05-31}
  Expenses:Financial:Commissions                     8.95 USD

2023-05-31 * "Buy shares of ITOT"
  Assets:US:ETrade:Cash                           -361.95 USD
  Assets:US:ETrade:ITOT                                 4 ITOT {88.25 USD, 2023-05-31}
  Expenses:Financial:Commissions                     8.95 USD

2023-05-31 * "Buy shares of VEA"
  Assets:US:ETrade:Cash                           -384.95 USD
  Assets:US:ETrade:VEA                                  4 VEA {94.00 USD, 2023-05-31}
  Expenses:Financial:Commissions                     8.95 USD

2023-05-31 * "Buy shares of VHT"
  Assets:US:ETrade:Cash                           -326.91 USD
  Assets:US:ETrade:VHT                                  2 VHT {158.98 USD, 2023-05-31}
  Expenses:Financial:Commissions                     8.95 USD

2023-06-18 * "Dividends on portfolio"
  Assets:US:ETrade:Cash                             75.25 USD
  Income:US:ETrade:ITOT:Dividend                   -75.25 USD

2023-07-24 * "Sell shares of ITOT"
  Assets:US:ETrade:ITOT                                -4 ITOT {88.25 USD, 2023-05-31} @ 90.61 USD
  Assets:US:ETrade:Cash                            353.49 USD
  Expenses:Financial:Commissions                     8.95 USD
  Income:US:ETrade:PnL                              -9.44 USD

2023-08-18 * "Buy shares of VHT"
  Assets:US:ETrade:Cash                          -1800.19 USD
  Assets:US:ETrade:VHT                                 11 VHT {162.84 USD, 2023-08-18}
  Expenses:Financial:Commissions                     8.95 USD

2023-08-18 * "Buy shares of GLD"
  Assets:US:ETrade:Cash                          -1820.15 USD
  Assets:US:ETrade:GLD                                 10 GLD {181.12 USD, 2023-08-18}
  Expenses:Financial:Commissions                     8.95 USD

2023-08-31 * "Sell shares of GLD"
  Assets:US:ETrade:GLD                                 -2 GLD {167.83 USD, 2023-05-31} @ 179.94 USD
  Assets:US:ETrade:Cash                            350.93 USD
  Expenses:Financial:Commissions                     8.95 USD
  Income:US:ETrade:PnL                             -24.22 USD

2023-09-02 * "Sell shares of ITOT"
  Assets:US:ETrade:ITOT                               -18 ITOT {90.84 USD, 2023-03-02} @ 87.99 USD
  Assets:US:ETrade:Cash                           1574.87 USD
  Expenses:Financial:Commissions                     8.95 USD
  Income:US:ETrade:PnL                              51.30 USD

2023-09-04 * "Buy shares of VHT"
  Assets:US:ETrade:Cash                           -985.93 USD
  Assets:US:ETrade:VHT                                  6 VHT {162.83 USD, 2023-09-04}
  Expenses:Financial:Commissions                     8.95 USD

2023-09-04 * "Buy shares of GLD"
  Assets:US:ETrade:Cash                           -900.40 USD
  Assets:US:ETrade:GLD                                  5 GLD {178.29 USD, 2023-09-04}
  Expenses:Financial:Commissions                     8.95 USD

2023-09-18 * "Dividends on portfolio"
  Assets:US:ETrade:Cash                             97.13 USD
  Income:US:ETrade:ITOT:Dividend                   -97.13 USD

2023-10-09 * "Buy shares of ITOT"
  Assets:US:ETrade:Cash                          -1087.99 USD
  Assets:US:ETrade:ITOT                                12 ITOT {89.92 USD, 2023-10-09}
  Expenses:Financial:Commissions                     8.95 USD

2023-10-09 * "Buy shares of VEA"
  Assets:US:ETrade:Cash                          -1030.96 USD
  Assets:US:ETrade:VEA                                 11 VEA {92.91 USD, 2023-10-09}
  Expenses:Financial:Commissions                     8.95 USD

2023-10-09 * "Buy shares of VHT"
  Assets:US:ETrade:Cash                           -991.21 USD
  Assets:US:ETrade:VHT                                  6 VHT {163.71 USD, 2023-10-09}
  Expenses:Financial:Commissions                     8.95 USD

2023-10-09 * "Buy shares of GLD"
  Assets:US:ETrade:Cash                          -1099.87 USD
  Assets:US:ETrade:GLD                                  6 GLD {181.82 USD, 2023-10-09}
  Expenses:Financial:Commissions                     8.95 USD

2023-10-13 * "Sell shares of VEA"
  Assets:US:ETrade:VEA                                -34 VEA {95.51 USD, 2023-01-15} @ 90.75 USD
  Assets:US:ETrade:Cash                           3076.55 USD
  Expenses:Financial:Commissions                     8.95 USD
  Income:US:ETrade:PnL                             161.84 USD

2023-11-17 * "Buy shares of VHT"
  Assets:US:ETrade:Cash                          -2008.75 USD
  Assets:US:ETrade:VHT                                 12 VHT {166.65 USD, 2023-11-17}
  Expenses:Financial:Commissions                     8.95 USD

2023-11-17 * "Buy shares of GLD"
  Assets:US:ETrade:Cash                          -1834.55 USD
  Assets:US:ETrade:GLD                                 10 GLD {182.56 USD, 2023-11-17}
  Expenses:Financial:Commissions                     8.95 USD

2023-11-17 * "Buy shares of ITOT"
  Assets:US:ETrade:Cash                          -1948.03 USD
  Assets:US:ETrade:ITOT                                22 ITOT {88.14 USD, 2023-11-17}
  Expenses:Financial:Commissions                     8.95 USD

2023-11-17 * "Buy shares of VEA"
  Assets:US:ETrade:Cash                          -1929.33 USD
  Assets:US:ETrade:VEA                                 22 VEA {87.29 USD, 2023-11-17}
  Expenses:Financial:Commissions                     8.95 USD

2023-12-17 * "Dividends on portfolio"
  Assets:US:ETrade:Cash                            144.57 USD
  Income:US:ETrade:GLD:Dividend                   -144.57 USD

2024-02-24 * "Sell shares of GLD"
  Assets:US:ETrade:GLD                                -10 GLD {182.56 USD, 2023-11-17} @ 170.78 USD
  Assets:US:ETrade:Cash                           1698.85 USD
  Expenses:Financial:Commissions                     8.95 USD
  Income:US:ETrade:PnL                             117.80 USD

2024-02-28 * "Buy shares of VHT"
  Assets:US:ETrade:Cash                           -351.73 USD
  Assets:US:ETrade:VHT                                  2 VHT {171.39 USD, 2024-02-28}
  Expenses:Financial:Commissions                     8.95 USD

2024-02-28 * "Buy shares of GLD"
  Assets:US:ETrade:Cash                           -350.51 USD
  Assets:US:ETrade:GLD                                  2 GLD {170.78 USD, 2024-02-28}
  Expenses:Financial:Commissions                     8.95 USD

2024-02-28 * "Buy shares of VEA"
  Assets:US:ETrade:Cash                           -459.75 USD
  Assets:US:ETrade:VEA                                  5 VEA {90.16 USD, 2024-02-28}
  Expenses:Financial:Commissions                     8.95 USD

2024-02-28 * "Buy shares of ITOT"
  Assets:US:ETrade:Cash                           -430.35 USD
  Assets:US:ETrade:ITOT                                 5 ITOT {84.28 USD, 2024-02-28}
  Expenses:Financial:Commissions                     8.95 USD

2024-03-17 * "Dividends on portfolio"
  Assets:US:ETrade:Cash                            150.79 USD
  Income:US:ETrade:ITOT:Dividend                  -150.79 USD

2024-06-17 * "Dividends on portfolio"
  Assets:US:ETrade:Cash                            150.79 USD
  Income:US:ETrade:VEA:Dividend                   -150.79 USD

2024-09-17 * "Buy shares of VEA"
  Assets:US:ETrade:Cash                          -4944.22 USD
  Assets:US:ETrade:VEA                                 51 VEA {96.77 USD, 2024-09-17}
  Expenses:Financial:Commissions                     8.95 USD

2024-09-17 * "Dividends on portfolio"
  Assets:US:ETrade:Cash                            170.53 USD
  Income:US:ETrade:GLD:Dividend                   -170.53 USD

2024-09-27 * "Buy shares of GLD"
  Assets:US:ETrade:Cash                          -2978.68 USD
  Assets:US:ETrade:GLD                                 17 GLD {174.69 USD, 2024-09-27}
  Expenses:Financial:Commissions                     8.95 USD



* Vanguard Investments

2022-01-01 open Assets:US:Vanguard:VBMPX                     VBMPX
  number: "882882"
2022-01-01 open Assets:US:Vanguard:RGAGX                     RGAGX
  number: "882882"
2022-01-01 open Assets:US:Vanguard                            USD
  institution: "Vanguard Group"
  address: "P.O. Box 1110, Valley Forge, PA 19482-1110"
  phone: "+1.800.523.1188"
2022-01-01 open Income:US:BayBook:Match401k                   USD
2022-01-01 open Assets:US:Vanguard:Cash                       USD
  number: "882882"

2022-01-07 * "Employer match for contribution"
  Assets:US:Vanguard:Cash                          600.00 USD
  Income:US:BayBook:Match401k                     -600.00 USD

2022-01-10 * "Investing 40% of cash in VBMPX"
  Assets:US:Vanguard:VBMPX                          3.216 VBMPX {149.26 USD, 2022-01-10}
  Assets:US:Vanguard:Cash                         -480.02 USD

2022-01-10 * "Investing 60% of cash in RGAGX"
  Assets:US:Vanguard:RGAGX                          7.634 RGAGX {94.32 USD, 2022-01-10}
  Assets:US:Vanguard:Cash                         -720.04 USD

2022-01-10 * "Investing 40% of cash in VBMPX"
  Assets:US:Vanguard:VBMPX                          1.608 VBMPX {149.26 USD, 2022-01-10}
  Assets:US:Vanguard:Cash                         -240.01 USD

2022-01-10 * "Investing 60% of cash in RGAGX"
  Assets:US:Vanguard:RGAGX                          3.816 RGAGX {94.32 USD, 2022-01-10}
  Assets:US:Vanguard:Cash                         -359.93 USD

2022-01-21 * "Employer match for contribution"
  Assets:US:Vanguard:Cash                          600.00 USD
  Income:US:BayBook:Match401k                     -600.00 USD

2022-01-24 * "Investing 40% of cash in VBMPX"
  Assets:US:Vanguard:VBMPX                          3.152 VBMPX {152.27 USD, 2022-01-24}
  Assets:US:Vanguard:Cash                         -479.96 USD

2022-01-24 * "Investing 60% of cash in RGAGX"
  Assets:US:Vanguard:RGAGX                          7.621 RGAGX {94.47 USD, 2022-01-24}
  Assets:US:Vanguard:Cash                         -719.96 USD

2022-01-24 * "Investing 40% of cash in VBMPX"
  Assets:US:Vanguard:VBMPX                          1.576 VBMPX {152.27 USD, 2022-01-24}
  Assets:US:Vanguard:Cash                         -239.98 USD

2022-01-24 * "Investing 60% of cash in RGAGX"
  Assets:US:Vanguard:RGAGX                          3.811 RGAGX {94.47 USD, 2022-01-24}
  Assets:US:Vanguard:Cash                         -360.03 USD

2022-02-04 * "Employer match for contribution"
  Assets:US:Vanguard:Cash                          600.00 USD
  Income:US:BayBook:Match401k                     -600.00 USD

2022-02-07 * "Investing 40% of cash in VBMPX"
  Assets:US:Vanguard:VBMPX                          3.113 VBMPX {154.19 USD, 2022-02-07}
  Assets:US:Vanguard:Cash                         -479.99 USD

2022-02-07 * "Investing 60% of cash in RGAGX"
  Assets:US:Vanguard:RGAGX                          7.286 RGAGX {98.83 USD, 2022-02-07}
  Assets:US:Vanguard:Cash                         -720.08 USD

2022-02-07 * "Investing 40% of cash in VBMPX"
  Assets:US:Vanguard:VBMPX                          1.557 VBMPX {154.19 USD, 2022-02-07}
  Assets:US:Vanguard:Cash                         -240.07 USD

2022-02-07 * "Investing 60% of cash in RGAGX"
  Assets:US:Vanguard:RGAGX                          3.643 RGAGX {98.83 USD, 2022-02-07}
  Assets:US:Vanguard:Cash                         -360.04 USD

2022-02-18 * "Employer match for contribution"
  Assets:US:Vanguard:Cash                          600.00 USD
  Income:US:BayBook:Match401k                     -600.00 USD

2022-02-21 * "Investing 40% of cash in VBMPX"
  Assets:US:Vanguard:VBMPX                          3.118 VBMPX {153.92 USD, 2022-02-21}
  Assets:US:Vanguard:Cash                         -479.92 USD

2022-02-21 * "Investing 60% of cash in RGAGX"
  Assets:US:Vanguard:RGAGX                          7.220 RGAGX {99.71 USD, 2022-02-21}
  Assets:US:Vanguard:Cash                         -719.91 USD

2022-02-21 * "Investing 40% of cash in VBMPX"
  Assets:US:Vanguard:VBMPX                          1.559 VBMPX {153.92 USD, 2022-02-21}
  Assets:US:Vanguard:Cash                         -239.96 USD

2022-02-21 * "Investing 60% of cash in RGAGX"
  Assets:US:Vanguard:RGAGX                          3.611 RGAGX {99.71 USD, 2022-02-21}
  Assets:US:Vanguard:Cash                         -360.05 USD

2022-03-04 * "Employer match for contribution"
  Assets:US:Vanguard:Cash                          600.00 USD
  Income:US:BayBook:Match401k                     -600.00 USD

2022-03-07 * "Investing 40% of cash in VBMPX"
  Assets:US:Vanguard:VBMPX                          3.075 VBMPX {156.08 USD, 2022-03-07}
  Assets:US:Vanguard:Cash                         -479.95 USD

2022-03-07 * "Investing 60% of cash in RGAGX"
  Assets:US:Vanguard:RGAGX                          7.241 RGAGX {99.44 USD, 2022-03-07}
  Assets:US:Vanguard:Cash                         -720.05 USD

2022-03-07 * "Investing 40% of cash in VBMPX"
  Assets:US:Vanguard:VBMPX                          1.538 VBMPX {156.08 USD, 2022-03-07}
  Assets:US:Vanguard:Cash                         -240.05 USD

2022-03-07 * "Investing 60% of cash in RGAGX"
  Assets:US:Vanguard:RGAGX                          3.621 RGAGX {99.44 USD, 2022-03-07}
  Assets:US:Vanguard:Cash                         -360.07 USD

2022-03-18 * "Employer match for contribution"
  Assets:US:Vanguard:Cash                          600.00 USD
  Income:US:BayBook:Match401k                     -600.00 USD

2022-03-21 * "Investing 40% of cash in VBMPX"
  Assets:US:Vanguard:VBMPX                          3.078 VBMPX {155.92 USD, 2022-03-21}
  Assets:US:Vanguard:Cash                         -479.92 USD

2022-03-21 * "Investing 60% of cash in RGAGX"
  Assets:US:Vanguard:RGAGX                          7.435 RGAGX {96.84 USD, 2022-03-21}
  Assets:US:Vanguard:Cash                         -720.01 USD

2022-03-21 * "Investing 40% of cash in VBMPX"
  Assets:US:Vanguard:VBMPX                          1.539 VBMPX {155.92 USD, 2022-03-21}
  Assets:US:Vanguard:Cash                         -239.96 USD

2022-03-21 * "Investing 60% of cash in RGAGX"
  Assets:US:Vanguard:RGAGX                          3.717 RGAGX {96.84 USD, 2022-03-21}
  Assets:US:Vanguard:Cash                         -359.95 USD

2022-04-01 * "Employer match for contribution"
  Assets:US:Vanguard:Cash                          600.00 USD
  Income:US:BayBook:Match401k                     -600.00 USD

2022-04-04 * "Investing 40% of cash in VBMPX"
  Assets:US:Vanguard:VBMPX                          3.059 VBMPX {156.93 USD, 2022-04-04}
  Assets:US:Vanguard:Cash                         -480.05 USD

2022-04-04 * "Investing 60% of cash in RGAGX"
  Assets:US:Vanguard:RGAGX                          7.372 RGAGX {97.67 USD, 2022-04-04}
  Assets:US:Vanguard:Cash                         -720.02 USD

2022-04-04 * "Investing 40% of cash in VBMPX"
  Assets:US:Vanguard:VBMPX                          1.529 VBMPX {156.93 USD, 2022-04-04}
  Assets:US:Vanguard:Cash                         -239.95 USD

2022-04-04 * "Investing 60% of cash in RGAGX"
  Assets:US:Vanguard:RGAGX                          3.686 RGAGX {97.67 USD, 2022-04-04}
  Assets:US:Vanguard:Cash                         -360.01 USD

2022-04-15 * "Employer match for contribution"
  Assets:US:Vanguard:Cash                          600.00 USD
  Income:US:BayBook:Match401k                     -600.00 USD

2022-04-18 * "Investing 40% of cash in VBMPX"
  Assets:US:Vanguard:VBMPX                          3.002 VBMPX {159.92 USD, 2022-04-18}
  Assets:US:Vanguard:Cash                         -480.08 USD

2022-04-18 * "Investing 60% of cash in RGAGX"
  Assets:US:Vanguard:RGAGX                          7.239 RGAGX {99.46 USD, 2022-04-18}
  Assets:US:Vanguard:Cash                         -719.99 USD

2022-04-18 * "Investing 40% of cash in VBMPX"
  Assets:US:Vanguard:VBMPX                          1.501 VBMPX {159.92 USD, 2022-04-18}
  Assets:US:Vanguard:Cash                         -240.04 USD

2022-04-18 * "Investing 60% of cash in RGAGX"
  Assets:US:Vanguard:RGAGX                          3.619 RGAGX {99.46 USD, 2022-04-18}
  Assets:US:Vanguard:Cash                         -359.95 USD

2022-04-29 * "Employer match for contribution"
  Assets:US:Vanguard:Cash                          600.00 USD
  Income:US:BayBook:Match401k                     -600.00 USD

2022-05-02 * "Investing 40% of cash in VBMPX"
  Assets:US:Vanguard:VBMPX                          3.030 VBMPX {158.39 USD, 2022-05-02}
  Assets:US:Vanguard:Cash                         -479.92 USD

2022-05-02 * "Investing 60% of cash in RGAGX"
  Assets:US:Vanguard:RGAGX                          7.257 RGAGX {99.21 USD, 2022-05-02}
  Assets:US:Vanguard:Cash                         -719.97 USD

2022-05-02 * "Investing 40% of cash in VBMPX"
  Assets:US:Vanguard:VBMPX                          1.516 VBMPX {158.39 USD, 2022-05-02}
  Assets:US:Vanguard:Cash                         -240.12 USD

2022-05-02 * "Investing 60% of cash in RGAGX"
  Assets:US:Vanguard:RGAGX                          3.629 RGAGX {99.21 USD, 2022-05-02}
  Assets:US:Vanguard:Cash                         -360.03 USD

2022-05-13 * "Employer match for contribution"
  Assets:US:Vanguard:Cash                          600.00 USD
  Income:US:BayBook:Match401k                     -600.00 USD

2022-05-16 * "Investing 40% of cash in VBMPX"
  Assets:US:Vanguard:VBMPX                          3.046 VBMPX {157.57 USD, 2022-05-16}
  Assets:US:Vanguard:Cash                         -479.96 USD

2022-05-16 * "Investing 60% of cash in RGAGX"
  Assets:US:Vanguard:RGAGX                          7.004 RGAGX {102.80 USD, 2022-05-16}
  Assets:US:Vanguard:Cash                         -720.01 USD

2022-05-16 * "Investing 40% of cash in VBMPX"
  Assets:US:Vanguard:VBMPX                          1.523 VBMPX {157.57 USD, 2022-05-16}
  Assets:US:Vanguard:Cash                         -239.98 USD

2022-05-16 * "Investing 60% of cash in RGAGX"
  Assets:US:Vanguard:RGAGX                          3.502 RGAGX {102.80 USD, 2022-05-16}
  Assets:US:Vanguard:Cash                         -360.01 USD

2022-05-27 * "Employer match for contribution"
  Assets:US:Vanguard:Cash                          600.00 USD
  Income:US:BayBook:Match401k                     -600.00 USD

2022-05-30 * "Investing 40% of cash in VBMPX"
  Assets:US:Vanguard:VBMPX                          3.025 VBMPX {158.70 USD, 2022-05-30}
  Assets:US:Vanguard:Cash                         -480.07 USD

2022-05-30 * "Investing 60% of cash in RGAGX"
  Assets:US:Vanguard:RGAGX                          7.148 RGAGX {100.73 USD, 2022-05-30}
  Assets:US:Vanguard:Cash                         -720.02 USD

2022-05-30 * "Investing 40% of cash in VBMPX"
  Assets:US:Vanguard:VBMPX                          1.512 VBMPX {158.70 USD, 2022-05-30}
  Assets:US:Vanguard:Cash                         -239.95 USD

2022-05-30 * "Investing 60% of cash in RGAGX"
  Assets:US:Vanguard:RGAGX                          3.573 RGAGX {100.73 USD, 2022-05-30}
  Assets:US:Vanguard:Cash                         -359.91 USD

2022-06-10 * "Employer match for contribution"
  Assets:US:Vanguard:Cash                          600.00 USD
  Income:US:BayBook:Match401k                     -600.00 USD

2022-06-13 * "Investing 40% of cash in VBMPX"
  Assets:US:Vanguard:VBMPX                          2.939 VBMPX {163.32 USD, 2022-06-13}
  Assets:US:Vanguard:Cash                         -480.00 USD

2022-06-13 * "Investing 60% of cash in RGAGX"
  Assets:US:Vanguard:RGAGX                          7.070 RGAGX {101.84 USD, 2022-06-13}
  Assets:US:Vanguard:Cash                         -720.01 USD

2022-06-13 * "Investing 40% of cash in VBMPX"
  Assets:US:Vanguard:VBMPX                          1.470 VBMPX {163.32 USD, 2022-06-13}
  Assets:US:Vanguard:Cash                         -240.08 USD

2022-06-13 * "Investing 60% of cash in RGAGX"
  Assets:US:Vanguard:RGAGX                          3.535 RGAGX {101.84 USD, 2022-06-13}
  Assets:US:Vanguard:Cash                         -360.00 USD

2022-06-24 * "Employer match for contribution"
  Assets:US:Vanguard:Cash                          600.00 USD
  Income:US:BayBook:Match401k                     -600.00 USD

2022-06-27 * "Investing 40% of cash in VBMPX"
  Assets:US:Vanguard:VBMPX                          2.953 VBMPX {162.56 USD, 2022-06-27}
  Assets:US:Vanguard:Cash                         -480.04 USD

2022-06-27 * "Investing 60% of cash in RGAGX"
  Assets:US:Vanguard:RGAGX                          7.165 RGAGX {100.49 USD, 2022-06-27}
  Assets:US:Vanguard:Cash                         -720.01 USD

2022-06-27 * "Investing 40% of cash in VBMPX"
  Assets:US:Vanguard:VBMPX                          1.476 VBMPX {162.56 USD, 2022-06-27}
  Assets:US:Vanguard:Cash                         -239.94 USD

2022-06-27 * "Investing 60% of cash in RGAGX"
  Assets:US:Vanguard:RGAGX                          3.582 RGAGX {100.49 USD, 2022-06-27}
  Assets:US:Vanguard:Cash                         -359.96 USD

2022-07-08 * "Employer match for contribution"
  Assets:US:Vanguard:Cash                          600.00 USD
  Income:US:BayBook:Match401k                     -600.00 USD

2022-07-11 * "Investing 40% of cash in VBMPX"
  Assets:US:Vanguard:VBMPX                          2.863 VBMPX {167.63 USD, 2022-07-11}
  Assets:US:Vanguard:Cash                         -479.92 USD

2022-07-11 * "Investing 60% of cash in RGAGX"
  Assets:US:Vanguard:RGAGX                          7.317 RGAGX {98.40 USD, 2022-07-11}
  Assets:US:Vanguard:Cash                         -719.99 USD

2022-07-11 * "Investing 40% of cash in VBMPX"
  Assets:US:Vanguard:VBMPX                          1.432 VBMPX {167.63 USD, 2022-07-11}
  Assets:US:Vanguard:Cash                         -240.05 USD

2022-07-11 * "Investing 60% of cash in RGAGX"
  Assets:US:Vanguard:RGAGX                          3.659 RGAGX {98.40 USD, 2022-07-11}
  Assets:US:Vanguard:Cash                         -360.05 USD

2022-07-22 * "Employer match for contribution"
  Assets:US:Vanguard:Cash                          600.00 USD
  Income:US:BayBook:Match401k                     -600.00 USD

2022-07-25 * "Investing 40% of cash in VBMPX"
  Assets:US:Vanguard:VBMPX                          2.830 VBMPX {169.64 USD, 2022-07-25}
  Assets:US:Vanguard:Cash                         -480.08 USD

2022-07-25 * "Investing 60% of cash in RGAGX"
  Assets:US:Vanguard:RGAGX                          7.371 RGAGX {97.68 USD, 2022-07-25}
  Assets:US:Vanguard:Cash                         -720.00 USD

2022-07-25 * "Investing 40% of cash in VBMPX"
  Assets:US:Vanguard:VBMPX                          1.415 VBMPX {169.64 USD, 2022-07-25}
  Assets:US:Vanguard:Cash                         -240.04 USD

2022-07-25 * "Investing 60% of cash in RGAGX"
  Assets:US:Vanguard:RGAGX                          3.685 RGAGX {97.68 USD, 2022-07-25}
  Assets:US:Vanguard:Cash                         -359.95 USD

2022-08-05 * "Employer match for contribution"
  Assets:US:Vanguard:Cash                          250.00 USD
  Income:US:BayBook:Match401k                     -250.00 USD

2022-08-08 * "Investing 40% of cash in VBMPX"
  Assets:US:Vanguard:VBMPX                          1.183 VBMPX {169.03 USD, 2022-08-08}
  Assets:US:Vanguard:Cash                         -199.96 USD

2022-08-08 * "Investing 60% of cash in RGAGX"
  Assets:US:Vanguard:RGAGX                          3.170 RGAGX {94.63 USD, 2022-08-08}
  Assets:US:Vanguard:Cash                         -299.98 USD

2022-08-08 * "Investing 40% of cash in VBMPX"
  Assets:US:Vanguard:VBMPX                          0.592 VBMPX {169.03 USD, 2022-08-08}
  Assets:US:Vanguard:Cash                         -100.07 USD

2022-08-08 * "Investing 60% of cash in RGAGX"
  Assets:US:Vanguard:RGAGX                          1.585 RGAGX {94.63 USD, 2022-08-08}
  Assets:US:Vanguard:Cash                         -149.99 USD

2023-01-06 * "Employer match for contribution"
  Assets:US:Vanguard:Cash                          600.00 USD
  Income:US:BayBook:Match401k                     -600.00 USD

2023-01-09 * "Investing 40% of cash in VBMPX"
  Assets:US:Vanguard:VBMPX                          2.644 VBMPX {181.56 USD, 2023-01-09}
  Assets:US:Vanguard:Cash                         -480.04 USD

2023-01-09 * "Investing 60% of cash in RGAGX"
  Assets:US:Vanguard:RGAGX                          7.296 RGAGX {98.68 USD, 2023-01-09}
  Assets:US:Vanguard:Cash                         -719.97 USD

2023-01-09 * "Investing 40% of cash in VBMPX"
  Assets:US:Vanguard:VBMPX                          1.322 VBMPX {181.56 USD, 2023-01-09}
  Assets:US:Vanguard:Cash                         -240.02 USD

2023-01-09 * "Investing 60% of cash in RGAGX"
  Assets:US:Vanguard:RGAGX                          3.648 RGAGX {98.68 USD, 2023-01-09}
  Assets:US:Vanguard:Cash                         -359.98 USD

2023-01-20 * "Employer match for contribution"
  Assets:US:Vanguard:Cash                          600.00 USD
  Income:US:BayBook:Match401k                     -600.00 USD

2023-01-23 * "Investing 40% of cash in VBMPX"
  Assets:US:Vanguard:VBMPX                          2.627 VBMPX {182.70 USD, 2023-01-23}
  Assets:US:Vanguard:Cash                         -479.95 USD

2023-01-23 * "Investing 60% of cash in RGAGX"
  Assets:US:Vanguard:RGAGX                          7.317 RGAGX {98.39 USD, 2023-01-23}
  Assets:US:Vanguard:Cash                         -719.92 USD

2023-01-23 * "Investing 40% of cash in VBMPX"
  Assets:US:Vanguard:VBMPX                          1.314 VBMPX {182.70 USD, 2023-01-23}
  Assets:US:Vanguard:Cash                         -240.07 USD

2023-01-23 * "Investing 60% of cash in RGAGX"
  Assets:US:Vanguard:RGAGX                          3.659 RGAGX {98.39 USD, 2023-01-23}
  Assets:US:Vanguard:Cash                         -360.01 USD

2023-02-03 * "Employer match for contribution"
  Assets:US:Vanguard:Cash                          600.00 USD
  Income:US:BayBook:Match401k                     -600.00 USD

2023-02-06 * "Investing 40% of cash in VBMPX"
  Assets:US:Vanguard:VBMPX                          2.622 VBMPX {183.06 USD, 2023-02-06}
  Assets:US:Vanguard:Cash                         -479.98 USD

2023-02-06 * "Investing 60% of cash in RGAGX"
  Assets:US:Vanguard:RGAGX                          7.575 RGAGX {95.05 USD, 2023-02-06}
  Assets:US:Vanguard:Cash                         -720.00 USD

2023-02-06 * "Investing 40% of cash in VBMPX"
  Assets:US:Vanguard:VBMPX                          1.311 VBMPX {183.06 USD, 2023-02-06}
  Assets:US:Vanguard:Cash                         -239.99 USD

2023-02-06 * "Investing 60% of cash in RGAGX"
  Assets:US:Vanguard:RGAGX                          3.787 RGAGX {95.05 USD, 2023-02-06}
  Assets:US:Vanguard:Cash                         -359.95 USD

2023-02-17 * "Employer match for contribution"
  Assets:US:Vanguard:Cash                          600.00 USD
  Income:US:BayBook:Match401k                     -600.00 USD

2023-02-20 * "Investing 40% of cash in VBMPX"
  Assets:US:Vanguard:VBMPX                          2.604 VBMPX {184.33 USD, 2023-02-20}
  Assets:US:Vanguard:Cash                         -480.00 USD

2023-02-20 * "Investing 60% of cash in RGAGX"
  Assets:US:Vanguard:RGAGX                          7.375 RGAGX {97.63 USD, 2023-02-20}
  Assets:US:Vanguard:Cash                         -720.02 USD

2023-02-20 * "Investing 40% of cash in VBMPX"
  Assets:US:Vanguard:VBMPX                          1.302 VBMPX {184.33 USD, 2023-02-20}
  Assets:US:Vanguard:Cash                         -240.00 USD

2023-02-20 * "Investing 60% of cash in RGAGX"
  Assets:US:Vanguard:RGAGX                          3.688 RGAGX {97.63 USD, 2023-02-20}
  Assets:US:Vanguard:Cash                         -360.06 USD

2023-03-03 * "Employer match for contribution"
  Assets:US:Vanguard:Cash                          600.00 USD
  Income:US:BayBook:Match401k                     -600.00 USD

2023-03-06 * "Investing 40% of cash in VBMPX"
  Assets:US:Vanguard:VBMPX                          2.688 VBMPX {178.58 USD, 2023-03-06}
  Assets:US:Vanguard:Cash                         -480.02 USD

2023-03-06 * "Investing 60% of cash in RGAGX"
  Assets:US:Vanguard:RGAGX                          7.663 RGAGX {93.96 USD, 2023-03-06}
  Assets:US:Vanguard:Cash                         -720.02 USD

2023-03-06 * "Investing 40% of cash in VBMPX"
  Assets:US:Vanguard:VBMPX                          1.344 VBMPX {178.58 USD, 2023-03-06}
  Assets:US:Vanguard:Cash                         -240.01 USD

2023-03-06 * "Investing 60% of cash in RGAGX"
  Assets:US:Vanguard:RGAGX                          3.831 RGAGX {93.96 USD, 2023-03-06}
  Assets:US:Vanguard:Cash                         -359.96 USD

2023-03-17 * "Employer match for contribution"
  Assets:US:Vanguard:Cash                          600.00 USD
  Income:US:BayBook:Match401k                     -600.00 USD

2023-03-20 * "Investing 40% of cash in VBMPX"
  Assets:US:Vanguard:VBMPX                          2.689 VBMPX {178.51 USD, 2023-03-20}
  Assets:US:Vanguard:Cash                         -480.01 USD

2023-03-20 * "Investing 60% of cash in RGAGX"
  Assets:US:Vanguard:RGAGX                          7.595 RGAGX {94.79 USD, 2023-03-20}
  Assets:US:Vanguard:Cash                         -719.93 USD

2023-03-20 * "Investing 40% of cash in VBMPX"
  Assets:US:Vanguard:VBMPX                          1.345 VBMPX {178.51 USD, 2023-03-20}
  Assets:US:Vanguard:Cash                         -240.10 USD

2023-03-20 * "Investing 60% of cash in RGAGX"
  Assets:US:Vanguard:RGAGX                          3.798 RGAGX {94.79 USD, 2023-03-20}
  Assets:US:Vanguard:Cash                         -360.01 USD

2023-03-31 * "Employer match for contribution"
  Assets:US:Vanguard:Cash                          600.00 USD
  Income:US:BayBook:Match401k                     -600.00 USD

2023-04-03 * "Investing 40% of cash in VBMPX"
  Assets:US:Vanguard:VBMPX                          2.671 VBMPX {179.68 USD, 2023-04-03}
  Assets:US:Vanguard:Cash                         -479.93 USD

2023-04-03 * "Investing 60% of cash in RGAGX"
  Assets:US:Vanguard:RGAGX                          7.488 RGAGX {96.15 USD, 2023-04-03}
  Assets:US:Vanguard:Cash                         -719.97 USD

2023-04-03 * "Investing 40% of cash in VBMPX"
  Assets:US:Vanguard:VBMPX                          1.336 VBMPX {179.68 USD, 2023-04-03}
  Assets:US:Vanguard:Cash                         -240.05 USD

2023-04-03 * "Investing 60% of cash in RGAGX"
  Assets:US:Vanguard:RGAGX                          3.744 RGAGX {96.15 USD, 2023-04-03}
  Assets:US:Vanguard:Cash                         -359.99 USD

2023-04-14 * "Employer match for contribution"
  Assets:US:Vanguard:Cash                          600.00 USD
  Income:US:BayBook:Match401k                     -600.00 USD

2023-04-17 * "Investing 40% of cash in VBMPX"
  Assets:US:Vanguard:VBMPX                          2.681 VBMPX {179.06 USD, 2023-04-17}
  Assets:US:Vanguard:Cash                         -480.06 USD

2023-04-17 * "Investing 60% of cash in RGAGX"
  Assets:US:Vanguard:RGAGX                          6.778 RGAGX {106.22 USD, 2023-04-17}
  Assets:US:Vanguard:Cash                         -719.96 USD

2023-04-17 * "Investing 40% of cash in VBMPX"
  Assets:US:Vanguard:VBMPX                          1.340 VBMPX {179.06 USD, 2023-04-17}
  Assets:US:Vanguard:Cash                         -239.94 USD

2023-04-17 * "Investing 60% of cash in RGAGX"
  Assets:US:Vanguard:RGAGX                          3.389 RGAGX {106.22 USD, 2023-04-17}
  Assets:US:Vanguard:Cash                         -359.98 USD

2023-04-28 * "Employer match for contribution"
  Assets:US:Vanguard:Cash                          600.00 USD
  Income:US:BayBook:Match401k                     -600.00 USD

2023-05-01 * "Investing 40% of cash in VBMPX"
  Assets:US:Vanguard:VBMPX                          2.695 VBMPX {178.10 USD, 2023-05-01}
  Assets:US:Vanguard:Cash                         -479.98 USD

2023-05-01 * "Investing 60% of cash in RGAGX"
  Assets:US:Vanguard:RGAGX                          6.839 RGAGX {105.28 USD, 2023-05-01}
  Assets:US:Vanguard:Cash                         -720.01 USD

2023-05-01 * "Investing 40% of cash in VBMPX"
  Assets:US:Vanguard:VBMPX                          1.348 VBMPX {178.10 USD, 2023-05-01}
  Assets:US:Vanguard:Cash                         -240.08 USD

2023-05-01 * "Investing 60% of cash in RGAGX"
  Assets:US:Vanguard:RGAGX                          3.420 RGAGX {105.28 USD, 2023-05-01}
  Assets:US:Vanguard:Cash                         -360.06 USD

2023-05-12 * "Employer match for contribution"
  Assets:US:Vanguard:Cash                          600.00 USD
  Income:US:BayBook:Match401k                     -600.00 USD

2023-05-15 * "Investing 40% of cash in VBMPX"
  Assets:US:Vanguard:VBMPX                          2.668 VBMPX {179.89 USD, 2023-05-15}
  Assets:US:Vanguard:Cash                         -479.95 USD

2023-05-15 * "Investing 60% of cash in RGAGX"
  Assets:US:Vanguard:RGAGX                          6.820 RGAGX {105.57 USD, 2023-05-15}
  Assets:US:Vanguard:Cash                         -719.99 USD

2023-05-15 * "Investing 40% of cash in VBMPX"
  Assets:US:Vanguard:VBMPX                          1.334 VBMPX {179.89 USD, 2023-05-15}
  Assets:US:Vanguard:Cash                         -239.97 USD

2023-05-15 * "Investing 60% of cash in RGAGX"
  Assets:US:Vanguard:RGAGX                          3.410 RGAGX {105.57 USD, 2023-05-15}
  Assets:US:Vanguard:Cash                         -359.99 USD

2023-05-26 * "Employer match for contribution"
  Assets:US:Vanguard:Cash                          600.00 USD
  Income:US:BayBook:Match401k                     -600.00 USD

2023-05-29 * "Investing 40% of cash in VBMPX"
  Assets:US:Vanguard:VBMPX                          2.650 VBMPX {181.10 USD, 2023-05-29}
  Assets:US:Vanguard:Cash                         -479.92 USD

2023-05-29 * "Investing 60% of cash in RGAGX"
  Assets:US:Vanguard:RGAGX                          7.082 RGAGX {101.67 USD, 2023-05-29}
  Assets:US:Vanguard:Cash                         -720.03 USD

2023-05-29 * "Investing 40% of cash in VBMPX"
  Assets:US:Vanguard:VBMPX                          1.325 VBMPX {181.10 USD, 2023-05-29}
  Assets:US:Vanguard:Cash                         -239.96 USD

2023-05-29 * "Investing 60% of cash in RGAGX"
  Assets:US:Vanguard:RGAGX                          3.541 RGAGX {101.67 USD, 2023-05-29}
  Assets:US:Vanguard:Cash                         -360.01 USD

2023-06-09 * "Employer match for contribution"
  Assets:US:Vanguard:Cash                          600.00 USD
  Income:US:BayBook:Match401k                     -600.00 USD

2023-06-12 * "Investing 40% of cash in VBMPX"
  Assets:US:Vanguard:VBMPX                          2.619 VBMPX {183.29 USD, 2023-06-12}
  Assets:US:Vanguard:Cash                         -480.04 USD

2023-06-12 * "Investing 60% of cash in RGAGX"
  Assets:US:Vanguard:RGAGX                          6.843 RGAGX {105.22 USD, 2023-06-12}
  Assets:US:Vanguard:Cash                         -720.02 USD

2023-06-12 * "Investing 40% of cash in VBMPX"
  Assets:US:Vanguard:VBMPX                          1.309 VBMPX {183.29 USD, 2023-06-12}
  Assets:US:Vanguard:Cash                         -239.93 USD

2023-06-12 * "Investing 60% of cash in RGAGX"
  Assets:US:Vanguard:RGAGX                          3.422 RGAGX {105.22 USD, 2023-06-12}
  Assets:US:Vanguard:Cash                         -360.06 USD

2023-06-23 * "Employer match for contribution"
  Assets:US:Vanguard:Cash                          600.00 USD
  Income:US:BayBook:Match401k                     -600.00 USD

2023-06-26 * "Investing 40% of cash in VBMPX"
  Assets:US:Vanguard:VBMPX                          2.559 VBMPX {187.55 USD, 2023-06-26}
  Assets:US:Vanguard:Cash                         -479.94 USD

2023-06-26 * "Investing 60% of cash in RGAGX"
  Assets:US:Vanguard:RGAGX                          6.737 RGAGX {106.87 USD, 2023-06-26}
  Assets:US:Vanguard:Cash                         -719.98 USD

2023-06-26 * "Investing 40% of cash in VBMPX"
  Assets:US:Vanguard:VBMPX                          1.280 VBMPX {187.55 USD, 2023-06-26}
  Assets:US:Vanguard:Cash                         -240.06 USD

2023-06-26 * "Investing 60% of cash in RGAGX"
  Assets:US:Vanguard:RGAGX                          3.369 RGAGX {106.87 USD, 2023-06-26}
  Assets:US:Vanguard:Cash                         -360.05 USD

2023-07-07 * "Employer match for contribution"
  Assets:US:Vanguard:Cash                          600.00 USD
  Income:US:BayBook:Match401k                     -600.00 USD

2023-07-10 * "Investing 40% of cash in VBMPX"
  Assets:US:Vanguard:VBMPX                          2.480 VBMPX {193.58 USD, 2023-07-10}
  Assets:US:Vanguard:Cash                         -480.08 USD

2023-07-10 * "Investing 60% of cash in RGAGX"
  Assets:US:Vanguard:RGAGX                          6.354 RGAGX {113.32 USD, 2023-07-10}
  Assets:US:Vanguard:Cash                         -720.04 USD

2023-07-10 * "Investing 40% of cash in VBMPX"
  Assets:US:Vanguard:VBMPX                          1.240 VBMPX {193.58 USD, 2023-07-10}
  Assets:US:Vanguard:Cash                         -240.04 USD

2023-07-10 * "Investing 60% of cash in RGAGX"
  Assets:US:Vanguard:RGAGX                          3.176 RGAGX {113.32 USD, 2023-07-10}
  Assets:US:Vanguard:Cash                         -359.90 USD

2023-07-21 * "Employer match for contribution"
  Assets:US:Vanguard:Cash                          600.00 USD
  Income:US:BayBook:Match401k                     -600.00 USD

2023-07-24 * "Investing 40% of cash in VBMPX"
  Assets:US:Vanguard:VBMPX                          2.360 VBMPX {203.42 USD, 2023-07-24}
  Assets:US:Vanguard:Cash                         -480.07 USD

2023-07-24 * "Investing 60% of cash in RGAGX"
  Assets:US:Vanguard:RGAGX                          6.174 RGAGX {116.61 USD, 2023-07-24}
  Assets:US:Vanguard:Cash                         -719.95 USD

2023-07-24 * "Investing 40% of cash in VBMPX"
  Assets:US:Vanguard:VBMPX                          1.180 VBMPX {203.42 USD, 2023-07-24}
  Assets:US:Vanguard:Cash                         -240.04 USD

2023-07-24 * "Investing 60% of cash in RGAGX"
  Assets:US:Vanguard:RGAGX                          3.087 RGAGX {116.61 USD, 2023-07-24}
  Assets:US:Vanguard:Cash                         -359.98 USD

2023-08-04 * "Employer match for contribution"
  Assets:US:Vanguard:Cash                          250.00 USD
  Income:US:BayBook:Match401k                     -250.00 USD

2023-08-07 * "Investing 40% of cash in VBMPX"
  Assets:US:Vanguard:VBMPX                          0.980 VBMPX {203.96 USD, 2023-08-07}
  Assets:US:Vanguard:Cash                         -199.88 USD

2023-08-07 * "Investing 60% of cash in RGAGX"
  Assets:US:Vanguard:RGAGX                          2.628 RGAGX {114.13 USD, 2023-08-07}
  Assets:US:Vanguard:Cash                         -299.93 USD

2023-08-07 * "Investing 40% of cash in VBMPX"
  Assets:US:Vanguard:VBMPX                          0.490 VBMPX {203.96 USD, 2023-08-07}
  Assets:US:Vanguard:Cash                          -99.94 USD

2023-08-07 * "Investing 60% of cash in RGAGX"
  Assets:US:Vanguard:RGAGX                          1.315 RGAGX {114.13 USD, 2023-08-07}
  Assets:US:Vanguard:Cash                         -150.08 USD

2024-01-05 * "Employer match for contribution"
  Assets:US:Vanguard:Cash                          600.00 USD
  Income:US:BayBook:Match401k                     -600.00 USD

2024-01-08 * "Investing 40% of cash in VBMPX"
  Assets:US:Vanguard:VBMPX                          2.303 VBMPX {208.41 USD, 2024-01-08}
  Assets:US:Vanguard:Cash                         -479.97 USD

2024-01-08 * "Investing 60% of cash in RGAGX"
  Assets:US:Vanguard:RGAGX                          5.542 RGAGX {129.92 USD, 2024-01-08}
  Assets:US:Vanguard:Cash                         -720.02 USD

2024-01-08 * "Investing 40% of cash in VBMPX"
  Assets:US:Vanguard:VBMPX                          1.152 VBMPX {208.41 USD, 2024-01-08}
  Assets:US:Vanguard:Cash                         -240.09 USD

2024-01-08 * "Investing 60% of cash in RGAGX"
  Assets:US:Vanguard:RGAGX                          2.771 RGAGX {129.92 USD, 2024-01-08}
  Assets:US:Vanguard:Cash                         -360.01 USD

2024-01-19 * "Employer match for contribution"
  Assets:US:Vanguard:Cash                          600.00 USD
  Income:US:BayBook:Match401k                     -600.00 USD

2024-01-22 * "Investing 40% of cash in VBMPX"
  Assets:US:Vanguard:VBMPX                          2.254 VBMPX {212.96 USD, 2024-01-22}
  Assets:US:Vanguard:Cash                         -480.01 USD

2024-01-22 * "Investing 60% of cash in RGAGX"
  Assets:US:Vanguard:RGAGX                          5.551 RGAGX {129.70 USD, 2024-01-22}
  Assets:US:Vanguard:Cash                         -719.96 USD

2024-01-22 * "Investing 40% of cash in VBMPX"
  Assets:US:Vanguard:VBMPX                          1.127 VBMPX {212.96 USD, 2024-01-22}
  Assets:US:Vanguard:Cash                         -240.01 USD

2024-01-22 * "Investing 60% of cash in RGAGX"
  Assets:US:Vanguard:RGAGX                          2.776 RGAGX {129.70 USD, 2024-01-22}
  Assets:US:Vanguard:Cash                         -360.05 USD

2024-02-02 * "Employer match for contribution"
  Assets:US:Vanguard:Cash                          600.00 USD
  Income:US:BayBook:Match401k                     -600.00 USD

2024-02-05 * "Investing 40% of cash in VBMPX"
  Assets:US:Vanguard:VBMPX                          2.246 VBMPX {213.69 USD, 2024-02-05}
  Assets:US:Vanguard:Cash                         -479.95 USD

2024-02-05 * "Investing 60% of cash in RGAGX"
  Assets:US:Vanguard:RGAGX                          6.028 RGAGX {119.44 USD, 2024-02-05}
  Assets:US:Vanguard:Cash                         -719.98 USD

2024-02-05 * "Investing 40% of cash in VBMPX"
  Assets:US:Vanguard:VBMPX                          1.123 VBMPX {213.69 USD, 2024-02-05}
  Assets:US:Vanguard:Cash                         -239.97 USD

2024-02-05 * "Investing 60% of cash in RGAGX"
  Assets:US:Vanguard:RGAGX                          3.014 RGAGX {119.44 USD, 2024-02-05}
  Assets:US:Vanguard:Cash                         -359.99 USD

2024-02-16 * "Employer match for contribution"
  Assets:US:Vanguard:Cash                          600.00 USD
  Income:US:BayBook:Match401k                     -600.00 USD

2024-02-19 * "Investing 40% of cash in VBMPX"
  Assets:US:Vanguard:VBMPX                          2.186 VBMPX {219.63 USD, 2024-02-19}
  Assets:US:Vanguard:Cash                         -480.11 USD

2024-02-19 * "Investing 60% of cash in RGAGX"
  Assets:US:Vanguard:RGAGX                          5.972 RGAGX {120.57 USD, 2024-02-19}
  Assets:US:Vanguard:Cash                         -720.04 USD

2024-02-19 * "Investing 40% of cash in VBMPX"
  Assets:US:Vanguard:VBMPX                          1.093 VBMPX {219.63 USD, 2024-02-19}
  Assets:US:Vanguard:Cash                         -240.06 USD

2024-02-19 * "Investing 60% of cash in RGAGX"
  Assets:US:Vanguard:RGAGX                          2.985 RGAGX {120.57 USD, 2024-02-19}
  Assets:US:Vanguard:Cash                         -359.90 USD

2024-03-01 * "Employer match for contribution"
  Assets:US:Vanguard:Cash                          600.00 USD
  Income:US:BayBook:Match401k                     -600.00 USD

2024-03-04 * "Investing 40% of cash in VBMPX"
  Assets:US:Vanguard:VBMPX                          2.230 VBMPX {215.20 USD, 2024-03-04}
  Assets:US:Vanguard:Cash                         -479.90 USD

2024-03-04 * "Investing 60% of cash in RGAGX"
  Assets:US:Vanguard:RGAGX                          5.866 RGAGX {122.74 USD, 2024-03-04}
  Assets:US:Vanguard:Cash                         -719.99 USD

2024-03-04 * "Investing 40% of cash in VBMPX"
  Assets:US:Vanguard:VBMPX                          1.115 VBMPX {215.20 USD, 2024-03-04}
  Assets:US:Vanguard:Cash                         -239.95 USD

2024-03-04 * "Investing 60% of cash in RGAGX"
  Assets:US:Vanguard:RGAGX                          2.933 RGAGX {122.74 USD, 2024-03-04}
  Assets:US:Vanguard:Cash                         -360.00 USD

2024-03-15 * "Employer match for contribution"
  Assets:US:Vanguard:Cash                          600.00 USD
  Income:US:BayBook:Match401k                     -600.00 USD

2024-03-18 * "Investing 40% of cash in VBMPX"
  Assets:US:Vanguard:VBMPX                          2.227 VBMPX {215.52 USD, 2024-03-18}
  Assets:US:Vanguard:Cash                         -479.96 USD

2024-03-18 * "Investing 60% of cash in RGAGX"
  Assets:US:Vanguard:RGAGX                          5.861 RGAGX {122.86 USD, 2024-03-18}
  Assets:US:Vanguard:Cash                         -720.08 USD

2024-03-18 * "Investing 40% of cash in VBMPX"
  Assets:US:Vanguard:VBMPX                          1.114 VBMPX {215.52 USD, 2024-03-18}
  Assets:US:Vanguard:Cash                         -240.09 USD

2024-03-18 * "Investing 60% of cash in RGAGX"
  Assets:US:Vanguard:RGAGX                          2.931 RGAGX {122.86 USD, 2024-03-18}
  Assets:US:Vanguard:Cash                         -360.10 USD

2024-03-29 * "Employer match for contribution"
  Assets:US:Vanguard:Cash                          600.00 USD
  Income:US:BayBook:Match401k                     -600.00 USD

2024-04-01 * "Investing 40% of cash in VBMPX"
  Assets:US:Vanguard:VBMPX                          2.184 VBMPX {219.79 USD, 2024-04-01}
  Assets:US:Vanguard:Cash                         -480.02 USD

2024-04-01 * "Investing 60% of cash in RGAGX"
  Assets:US:Vanguard:RGAGX                          6.032 RGAGX {119.35 USD, 2024-04-01}
  Assets:US:Vanguard:Cash                         -719.92 USD

2024-04-01 * "Investing 40% of cash in VBMPX"
  Assets:US:Vanguard:VBMPX                          1.092 VBMPX {219.79 USD, 2024-04-01}
  Assets:US:Vanguard:Cash                         -240.01 USD

2024-04-01 * "Investing 60% of cash in RGAGX"
  Assets:US:Vanguard:RGAGX                          3.016 RGAGX {119.35 USD, 2024-04-01}
  Assets:US:Vanguard:Cash                         -359.96 USD

2024-04-12 * "Employer match for contribution"
  Assets:US:Vanguard:Cash                          600.00 USD
  Income:US:BayBook:Match401k                     -600.00 USD

2024-04-15 * "Investing 40% of cash in VBMPX"
  Assets:US:Vanguard:VBMPX                          2.192 VBMPX {218.97 USD, 2024-04-15}
  Assets:US:Vanguard:Cash                         -479.98 USD

2024-04-15 * "Investing 60% of cash in RGAGX"
  Assets:US:Vanguard:RGAGX                          5.992 RGAGX {120.15 USD, 2024-04-15}
  Assets:US:Vanguard:Cash                         -719.94 USD

2024-04-15 * "Investing 40% of cash in VBMPX"
  Assets:US:Vanguard:VBMPX                          1.096 VBMPX {218.97 USD, 2024-04-15}
  Assets:US:Vanguard:Cash                         -239.99 USD

2024-04-15 * "Investing 60% of cash in RGAGX"
  Assets:US:Vanguard:RGAGX                          2.997 RGAGX {120.15 USD, 2024-04-15}
  Assets:US:Vanguard:Cash                         -360.09 USD

2024-04-26 * "Employer match for contribution"
  Assets:US:Vanguard:Cash                          600.00 USD
  Income:US:BayBook:Match401k                     -600.00 USD

2024-04-29 * "Investing 40% of cash in VBMPX"
  Assets:US:Vanguard:VBMPX                          2.187 VBMPX {219.46 USD, 2024-04-29}
  Assets:US:Vanguard:Cash                         -479.96 USD

2024-04-29 * "Investing 60% of cash in RGAGX"
  Assets:US:Vanguard:RGAGX                          5.924 RGAGX {121.54 USD, 2024-04-29}
  Assets:US:Vanguard:Cash                         -720.00 USD

2024-04-29 * "Investing 40% of cash in VBMPX"
  Assets:US:Vanguard:VBMPX                          1.094 VBMPX {219.46 USD, 2024-04-29}
  Assets:US:Vanguard:Cash                         -240.09 USD

2024-04-29 * "Investing 60% of cash in RGAGX"
  Assets:US:Vanguard:RGAGX                          2.962 RGAGX {121.54 USD, 2024-04-29}
  Assets:US:Vanguard:Cash                         -360.00 USD

2024-05-10 * "Employer match for contribution"
  Assets:US:Vanguard:Cash                          600.00 USD
  Income:US:BayBook:Match401k                     -600.00 USD

2024-05-13 * "Investing 40% of cash in VBMPX"
  Assets:US:Vanguard:VBMPX                          2.171 VBMPX {221.07 USD, 2024-05-13}
  Assets:US:Vanguard:Cash                         -479.94 USD

2024-05-13 * "Investing 60% of cash in RGAGX"
  Assets:US:Vanguard:RGAGX                          5.783 RGAGX {124.49 USD, 2024-05-13}
  Assets:US:Vanguard:Cash                         -719.93 USD

2024-05-13 * "Investing 40% of cash in VBMPX"
  Assets:US:Vanguard:VBMPX                          1.086 VBMPX {221.07 USD, 2024-05-13}
  Assets:US:Vanguard:Cash                         -240.08 USD

2024-05-13 * "Investing 60% of cash in RGAGX"
  Assets:US:Vanguard:RGAGX                          2.892 RGAGX {124.49 USD, 2024-05-13}
  Assets:US:Vanguard:Cash                         -360.03 USD

2024-05-24 * "Employer match for contribution"
  Assets:US:Vanguard:Cash                          600.00 USD
  Income:US:BayBook:Match401k                     -600.00 USD

2024-05-27 * "Investing 40% of cash in VBMPX"
  Assets:US:Vanguard:VBMPX                          2.112 VBMPX {227.30 USD, 2024-05-27}
  Assets:US:Vanguard:Cash                         -480.06 USD

2024-05-27 * "Investing 60% of cash in RGAGX"
  Assets:US:Vanguard:RGAGX                          5.832 RGAGX {123.45 USD, 2024-05-27}
  Assets:US:Vanguard:Cash                         -719.96 USD

2024-05-27 * "Investing 40% of cash in VBMPX"
  Assets:US:Vanguard:VBMPX                          1.056 VBMPX {227.30 USD, 2024-05-27}
  Assets:US:Vanguard:Cash                         -240.03 USD

2024-05-27 * "Investing 60% of cash in RGAGX"
  Assets:US:Vanguard:RGAGX                          2.916 RGAGX {123.45 USD, 2024-05-27}
  Assets:US:Vanguard:Cash                         -359.98 USD

2024-06-07 * "Employer match for contribution"
  Assets:US:Vanguard:Cash                          600.00 USD
  Income:US:BayBook:Match401k                     -600.00 USD

2024-06-10 * "Investing 40% of cash in VBMPX"
  Assets:US:Vanguard:VBMPX                          2.033 VBMPX {236.05 USD, 2024-06-10}
  Assets:US:Vanguard:Cash                         -479.89 USD

2024-06-10 * "Investing 60% of cash in RGAGX"
  Assets:US:Vanguard:RGAGX                          5.861 RGAGX {122.84 USD, 2024-06-10}
  Assets:US:Vanguard:Cash                         -719.97 USD

2024-06-10 * "Investing 40% of cash in VBMPX"
  Assets:US:Vanguard:VBMPX                          1.017 VBMPX {236.05 USD, 2024-06-10}
  Assets:US:Vanguard:Cash                         -240.06 USD

2024-06-10 * "Investing 60% of cash in RGAGX"
  Assets:US:Vanguard:RGAGX                          2.931 RGAGX {122.84 USD, 2024-06-10}
  Assets:US:Vanguard:Cash                         -360.04 USD

2024-06-21 * "Employer match for contribution"
  Assets:US:Vanguard:Cash                          600.00 USD
  Income:US:BayBook:Match401k                     -600.00 USD

2024-06-24 * "Investing 40% of cash in VBMPX"
  Assets:US:Vanguard:VBMPX                          2.038 VBMPX {235.52 USD, 2024-06-24}
  Assets:US:Vanguard:Cash                         -479.99 USD

2024-06-24 * "Investing 60% of cash in RGAGX"
  Assets:US:Vanguard:RGAGX                          5.787 RGAGX {124.41 USD, 2024-06-24}
  Assets:US:Vanguard:Cash                         -719.96 USD

2024-06-24 * "Investing 40% of cash in VBMPX"
  Assets:US:Vanguard:VBMPX                          1.019 VBMPX {235.52 USD, 2024-06-24}
  Assets:US:Vanguard:Cash                         -239.99 USD

2024-06-24 * "Investing 60% of cash in RGAGX"
  Assets:US:Vanguard:RGAGX                          2.894 RGAGX {124.41 USD, 2024-06-24}
  Assets:US:Vanguard:Cash                         -360.04 USD

2024-07-05 * "Employer match for contribution"
  Assets:US:Vanguard:Cash                          600.00 USD
  Income:US:BayBook:Match401k                     -600.00 USD

2024-07-08 * "Investing 40% of cash in VBMPX"
  Assets:US:Vanguard:VBMPX                          2.138 VBMPX {224.49 USD, 2024-07-08}
  Assets:US:Vanguard:Cash                         -479.96 USD

2024-07-08 * "Investing 60% of cash in RGAGX"
  Assets:US:Vanguard:RGAGX                          5.889 RGAGX {122.26 USD, 2024-07-08}
  Assets:US:Vanguard:Cash                         -719.99 USD

2024-07-08 * "Investing 40% of cash in VBMPX"
  Assets:US:Vanguard:VBMPX                          1.069 VBMPX {224.49 USD, 2024-07-08}
  Assets:US:Vanguard:Cash                         -239.98 USD

2024-07-08 * "Investing 60% of cash in RGAGX"
  Assets:US:Vanguard:RGAGX                          2.945 RGAGX {122.26 USD, 2024-07-08}
  Assets:US:Vanguard:Cash                         -360.06 USD

2024-07-19 * "Employer match for contribution"
  Assets:US:Vanguard:Cash                          600.00 USD
  Income:US:BayBook:Match401k                     -600.00 USD

2024-07-22 * "Investing 40% of cash in VBMPX"
  Assets:US:Vanguard:VBMPX                          2.092 VBMPX {229.47 USD, 2024-07-22}
  Assets:US:Vanguard:Cash                         -480.05 USD

2024-07-22 * "Investing 60% of cash in RGAGX"
  Assets:US:Vanguard:RGAGX                          5.659 RGAGX {127.24 USD, 2024-07-22}
  Assets:US:Vanguard:Cash                         -720.05 USD

2024-07-22 * "Investing 40% of cash in VBMPX"
  Assets:US:Vanguard:VBMPX                          1.046 VBMPX {229.47 USD, 2024-07-22}
  Assets:US:Vanguard:Cash                         -240.03 USD

2024-07-22 * "Investing 60% of cash in RGAGX"
  Assets:US:Vanguard:RGAGX                          2.829 RGAGX {127.24 USD, 2024-07-22}
  Assets:US:Vanguard:Cash                         -359.96 USD

2024-08-02 * "Employer match for contribution"
  Assets:US:Vanguard:Cash                          250.00 USD
  Income:US:BayBook:Match401k                     -250.00 USD

2024-08-05 * "Investing 40% of cash in VBMPX"
  Assets:US:Vanguard:VBMPX                          0.872 VBMPX {229.40 USD, 2024-08-05}
  Assets:US:Vanguard:Cash                         -200.04 USD

2024-08-05 * "Investing 60% of cash in RGAGX"
  Assets:US:Vanguard:RGAGX                          2.256 RGAGX {132.96 USD, 2024-08-05}
  Assets:US:Vanguard:Cash                         -299.96 USD

2024-08-05 * "Investing 40% of cash in VBMPX"
  Assets:US:Vanguard:VBMPX                          0.436 VBMPX {229.40 USD, 2024-08-05}
  Assets:US:Vanguard:Cash                         -100.02 USD

2024-08-05 * "Investing 60% of cash in RGAGX"
  Assets:US:Vanguard:RGAGX                          1.128 RGAGX {132.96 USD, 2024-08-05}
  Assets:US:Vanguard:Cash                         -149.98 USD



* Sources of Income

2022-01-01 open Income:US:BayBook:Salary                      USD
2022-01-01 open Income:US:BayBook:GroupTermLife               USD
2022-01-01 open Income:US:BayBook:Vacation                    VACHR
2022-01-01 open Assets:US:BayBook:Vacation                    VACHR
2022-01-01 open Expenses:Vacation                               VACHR
2022-01-01 open Expenses:Health:Life:GroupTermLife
2022-01-01 open Expenses:Health:Medical:Insurance
2022-01-01 open Expenses:Health:Dental:Insurance
2022-01-01 open Expenses:Health:Vision:Insurance

2022-01-01 event "employer" "BayBook, 1501 Billow Rd, Benlo Park, CA"

2022-01-06 * "BayBook" "Payroll"
  Assets:US:BofA:Checking                         1350.60 USD
  Assets:US:Vanguard:Cash                         1200.00 USD
  Income:US:BayBook:Salary                       -4615.38 USD
  Income:US:BayBook:GroupTermLife                  -24.32 USD
  Expenses:Health:Life:GroupTermLife                24.32 USD
  Expenses:Health:Dental:Insurance                   2.90 USD
  Expenses:Health:Medical:Insurance                 27.38 USD
  Expenses:Health:Vision:Insurance                  42.30 USD
  Expenses:Taxes:Y2022:US:Medicare                 106.62 USD
  Expenses:Taxes:Y2022:US:Federal                 1062.92 USD
  Expenses:Taxes:Y2022:US:State                    365.08 USD
  Expenses:Taxes:Y2022:US:CityNYC                  174.92 USD
  Expenses:Taxes:Y2022:US:SDI                        1.12 USD
  Expenses:Taxes:Y2022:US:SocSec                   281.54 USD
  Assets:US:Federal:PreTax401k                   -1200.00 IRAUSD
  Expenses:Taxes:Y2022:US:Federal:PreTax401k      1200.00 IRAUSD
  Assets:US:BayBook:Vacation                            5 VACHR
  Income:US:BayBook:Vacation                           -5 VACHR

2022-01-20 * "BayBook" "Payroll"
  Assets:US:BofA:Checking                         1350.60 USD
  Assets:US:Vanguard:Cash                         1200.00 USD
  Income:US:BayBook:Salary                       -4615.38 USD
  Income:US:BayBook:GroupTermLife                  -24.32 USD
  Expenses:Health:Life:GroupTermLife                24.32 USD
  Expenses:Health:Dental:Insurance                   2.90 USD
  Expenses:Health:Medical:Insurance                 27.38 USD
  Expenses:Health:Vision:Insurance                  42.30 USD
  Expenses:Taxes:Y2022:US:Medicare                 106.62 USD
  Expenses:Taxes:Y2022:US:Federal                 1062.92 USD
  Expenses:Taxes:Y2022:US:State                    365.08 USD
  Expenses:Taxes:Y2022:US:CityNYC                  174.92 USD
  Expenses:Taxes:Y2022:US:SDI                        1.12 USD
  Expenses:Taxes:Y2022:US:SocSec                   281.54 USD
  Assets:US:Federal:PreTax401k                   -1200.00 IRAUSD
  Expenses:Taxes:Y2022:US:Federal:PreTax401k      1200.00 IRAUSD
  Assets:US:BayBook:Vacation                            5 VACHR
  Income:US:BayBook:Vacation                           -5 VACHR

2022-02-03 * "BayBook" "Payroll"
  Assets:US:BofA:Checking                         1350.60 USD
  Assets:US:Vanguard:Cash                         1200.00 USD
  Income:US:BayBook:Salary                       -4615.38 USD
  Income:US:BayBook:GroupTermLife                  -24.32 USD
  Expenses:Health:Life:GroupTermLife                24.32 USD
  Expenses:Health:Dental:Insurance                   2.90 USD
  Expenses:Health:Medical:Insurance                 27.38 USD
  Expenses:Health:Vision:Insurance                  42.30 USD
  Expenses:Taxes:Y2022:US:Medicare                 106.62 USD
  Expenses:Taxes:Y2022:US:Federal                 1062.92 USD
  Expenses:Taxes:Y2022:US:State                    365.08 USD
  Expenses:Taxes:Y2022:US:CityNYC                  174.92 USD
  Expenses:Taxes:Y2022:US:SDI                        1.12 USD
  Expenses:Taxes:Y2022:US:SocSec                   281.54 USD
  Assets:US:Federal:PreTax401k                   -1200.00 IRAUSD
  Expenses:Taxes:Y2022:US:Federal:PreTax401k      1200.00 IRAUSD
  Assets:US:BayBook:Vacation                            5 VACHR
  Income:US:BayBook:Vacation                           -5 VACHR

2022-02-17 * "BayBook" "Payroll"
  Assets:US:BofA:Checking                         1350.60 USD
  Assets:US:Vanguard:Cash                         1200.00 USD
  Income:US:BayBook:Salary                       -4615.38 USD
  Income:US:BayBook:GroupTermLife                  -24.32 USD
  Expenses:Health:Life:GroupTermLife                24.32 USD
  Expenses:Health:Dental:Insurance                   2.90 USD
  Expenses:Health:Medical:Insurance                 27.38 USD
  Expenses:Health:Vision:Insurance                  42.30 USD
  Expenses:Taxes:Y2022:US:Medicare                 106.62 USD
  Expenses:Taxes:Y2022:US:Federal                 1062.92 USD
  Expenses:Taxes:Y2022:US:State                    365.08 USD
  Expenses:Taxes:Y2022:US:CityNYC                  174.92 USD
  Expenses:Taxes:Y2022:US:SDI                        1.12 USD
  Expenses:Taxes:Y2022:US:SocSec                   281.54 USD
  Assets:US:Federal:PreTax401k                   -1200.00 IRAUSD
  Expenses:Taxes:Y2022:US:Federal:PreTax401k      1200.00 IRAUSD
  Assets:US:BayBook:Vacation                            5 VACHR
  Income:US:BayBook:Vacation                           -5 VACHR

2022-03-03 * "BayBook" "Payroll"
  Assets:US:BofA:Checking                         1350.60 USD
  Assets:US:Vanguard:Cash                         1200.00 USD
  Income:US:BayBook:Salary                       -4615.38 USD
  Income:US:BayBook:GroupTermLife                  -24.32 USD
  Expenses:Health:Life:GroupTermLife                24.32 USD
  Expenses:Health:Dental:Insurance                   2.90 USD
  Expenses:Health:Medical:Insurance                 27.38 USD
  Expenses:Health:Vision:Insurance                  42.30 USD
  Expenses:Taxes:Y2022:US:Medicare                 106.62 USD
  Expenses:Taxes:Y2022:US:Federal                 1062.92 USD
  Expenses:Taxes:Y2022:US:State                    365.08 USD
  Expenses:Taxes:Y2022:US:CityNYC                  174.92 USD
  Expenses:Taxes:Y2022:US:SDI                        1.12 USD
  Expenses:Taxes:Y2022:US:SocSec                   281.54 USD
  Assets:US:Federal:PreTax401k                   -1200.00 IRAUSD
  Expenses:Taxes:Y2022:US:Federal:PreTax401k      1200.00 IRAUSD
  Assets:US:BayBook:Vacation                            5 VACHR
  Income:US:BayBook:Vacation                           -5 VACHR

2022-03-17 * "BayBook" "Payroll"
  Assets:US:BofA:Checking                         1350.60 USD
  Assets:US:Vanguard:Cash                         1200.00 USD
  Income:US:BayBook:Salary                       -4615.38 USD
  Income:US:BayBook:GroupTermLife                  -24.32 USD
  Expenses:Health:Life:GroupTermLife                24.32 USD
  Expenses:Health:Dental:Insurance                   2.90 USD
  Expenses:Health:Medical:Insurance                 27.38 USD
  Expenses:Health:Vision:Insurance                  42.30 USD
  Expenses:Taxes:Y2022:US:Medicare                 106.62 USD
  Expenses:Taxes:Y2022:US:Federal                 1062.92 USD
  Expenses:Taxes:Y2022:US:State                    365.08 USD
  Expenses:Taxes:Y2022:US:CityNYC                  174.92 USD
  Expenses:Taxes:Y2022:US:SDI                        1.12 USD
  Expenses:Taxes:Y2022:US:SocSec                   281.54 USD
  Assets:US:Federal:PreTax401k                   -1200.00 IRAUSD
  Expenses:Taxes:Y2022:US:Federal:PreTax401k      1200.00 IRAUSD
  Assets:US:BayBook:Vacation                            5 VACHR
  Income:US:BayBook:Vacation                           -5 VACHR

2022-03-31 * "BayBook" "Payroll"
  Assets:US:BofA:Checking                         1350.60 USD
  Assets:US:Vanguard:Cash                         1200.00 USD
  Income:US:BayBook:Salary                       -4615.38 USD
  Income:US:BayBook:GroupTermLife                  -24.32 USD
  Expenses:Health:Life:GroupTermLife                24.32 USD
  Expenses:Health:Dental:Insurance                   2.90 USD
  Expenses:Health:Medical:Insurance                 27.38 USD
  Expenses:Health:Vision:Insurance                  42.30 USD
  Expenses:Taxes:Y2022:US:Medicare                 106.62 USD
  Expenses:Taxes:Y2022:US:Federal                 1062.92 USD
  Expenses:Taxes:Y2022:US:State                    365.08 USD
  Expenses:Taxes:Y2022:US:CityNYC                  174.92 USD
  Expenses:Taxes:Y2022:US:SDI                        1.12 USD
  Expenses:Taxes:Y2022:US:SocSec                   281.54 USD
  Assets:US:Federal:PreTax401k                   -1200.00 IRAUSD
  Expenses:Taxes:Y2022:US:Federal:PreTax401k      1200.00 IRAUSD
  Assets:US:BayBook:Vacation                            5 VACHR
  Income:US:BayBook:Vacation                           -5 VACHR

2022-04-14 * "BayBook" "Payroll"
  Assets:US:BofA:Checking                         1350.60 USD
  Assets:US:Vanguard:Cash                         1200.00 USD
  Income:US:BayBook:Salary                       -4615.38 USD
  Income:US:BayBook:GroupTermLife                  -24.32 USD
  Expenses:Health:Life:GroupTermLife                24.32 USD
  Expenses:Health:Dental:Insurance                   2.90 USD
  Expenses:Health:Medical:Insurance                 27.38 USD
  Expenses:Health:Vision:Insurance                  42.30 USD
  Expenses:Taxes:Y2022:US:Medicare                 106.62 USD
  Expenses:Taxes:Y2022:US:Federal                 1062.92 USD
  Expenses:Taxes:Y2022:US:State                    365.08 USD
  Expenses:Taxes:Y2022:US:CityNYC                  174.92 USD
  Expenses:Taxes:Y2022:US:SDI                        1.12 USD
  Expenses:Taxes:Y2022:US:SocSec                   281.54 USD
  Assets:US:Federal:PreTax401k                   -1200.00 IRAUSD
  Expenses:Taxes:Y2022:US:Federal:PreTax401k      1200.00 IRAUSD
  Assets:US:BayBook:Vacation                            5 VACHR
  Income:US:BayBook:Vacation                           -5 VACHR

2022-04-28 * "BayBook" "Payroll"
  Assets:US:BofA:Checking                         1350.60 USD
  Assets:US:Vanguard:Cash                         1200.00 USD
  Income:US:BayBook:Salary                       -4615.38 USD
  Income:US:BayBook:GroupTermLife                  -24.32 USD
  Expenses:Health:Life:GroupTermLife                24.32 USD
  Expenses:Health:Dental:Insurance                   2.90 USD
  Expenses:Health:Medical:Insurance                 27.38 USD
  Expenses:Health:Vision:Insurance                  42.30 USD
  Expenses:Taxes:Y2022:US:Medicare                 106.62 USD
  Expenses:Taxes:Y2022:US:Federal                 1062.92 USD
  Expenses:Taxes:Y2022:US:State                    365.08 USD
  Expenses:Taxes:Y2022:US:CityNYC                  174.92 USD
  Expenses:Taxes:Y2022:US:SDI                        1.12 USD
  Expenses:Taxes:Y2022:US:SocSec                   281.54 USD
  Assets:US:Federal:PreTax401k                   -1200.00 IRAUSD
  Expenses:Taxes:Y2022:US:Federal:PreTax401k      1200.00 IRAUSD
  Assets:US:BayBook:Vacation                            5 VACHR
  Income:US:BayBook:Vacation                           -5 VACHR

2022-05-12 * "BayBook" "Payroll"
  Assets:US:BofA:Checking                         1350.60 USD
  Assets:US:Vanguard:Cash                         1200.00 USD
  Income:US:BayBook:Salary                       -4615.38 USD
  Income:US:BayBook:GroupTermLife                  -24.32 USD
  Expenses:Health:Life:GroupTermLife                24.32 USD
  Expenses:Health:Dental:Insurance                   2.90 USD
  Expenses:Health:Medical:Insurance                 27.38 USD
  Expenses:Health:Vision:Insurance                  42.30 USD
  Expenses:Taxes:Y2022:US:Medicare                 106.62 USD
  Expenses:Taxes:Y2022:US:Federal                 1062.92 USD
  Expenses:Taxes:Y2022:US:State                    365.08 USD
  Expenses:Taxes:Y2022:US:CityNYC                  174.92 USD
  Expenses:Taxes:Y2022:US:SDI                        1.12 USD
  Expenses:Taxes:Y2022:US:SocSec                   281.54 USD
  Assets:US:Federal:PreTax401k                   -1200.00 IRAUSD
  Expenses:Taxes:Y2022:US:Federal:PreTax401k      1200.00 IRAUSD
  Assets:US:BayBook:Vacation                            5 VACHR
  Income:US:BayBook:Vacation                           -5 VACHR

2022-05-26 * "BayBook" "Payroll"
  Assets:US:BofA:Checking                         1350.60 USD
  Assets:US:Vanguard:Cash                         1200.00 USD
  Income:US:BayBook:Salary                       -4615.38 USD
  Income:US:BayBook:GroupTermLife                  -24.32 USD
  Expenses:Health:Life:GroupTermLife                24.32 USD
  Expenses:Health:Dental:Insurance                   2.90 USD
  Expenses:Health:Medical:Insurance                 27.38 USD
  Expenses:Health:Vision:Insurance                  42.30 USD
  Expenses:Taxes:Y2022:US:Medicare                 106.62 USD
  Expenses:Taxes:Y2022:US:Federal                 1062.92 USD
  Expenses:Taxes:Y2022:US:State                    365.08 USD
  Expenses:Taxes:Y2022:US:CityNYC                  174.92 USD
  Expenses:Taxes:Y2022:US:SDI                        1.12 USD
  Expenses:Taxes:Y2022:US:SocSec                   281.54 USD
  Assets:US:Federal:PreTax401k                   -1200.00 IRAUSD
  Expenses:Taxes:Y2022:US:Federal:PreTax401k      1200.00 IRAUSD
  Assets:US:BayBook:Vacation                            5 VACHR
  Income:US:BayBook:Vacation                           -5 VACHR

2022-06-09 * "BayBook" "Payroll"
  Assets:US:BofA:Checking                         1350.60 USD
  Assets:US:Vanguard:Cash                         1200.00 USD
  Income:US:BayBook:Salary                       -4615.38 USD
  Income:US:BayBook:GroupTermLife                  -24.32 USD
  Expenses:Health:Life:GroupTermLife                24.32 USD
  Expenses:Health:Dental:Insurance                   2.90 USD
  Expenses:Health:Medical:Insurance                 27.38 USD
  Expenses:Health:Vision:Insurance                  42.30 USD
  Expenses:Taxes:Y2022:US:Medicare                 106.62 USD
  Expenses:Taxes:Y2022:US:Federal                 1062.92 USD
  Expenses:Taxes:Y2022:US:State                    365.08 USD
  Expenses:Taxes:Y2022:US:CityNYC                  174.92 USD
  Expenses:Taxes:Y2022:US:SDI                        1.12 USD
  Expenses:Taxes:Y2022:US:SocSec                   281.54 USD
  Assets:US:Federal:PreTax401k                   -1200.00 IRAUSD
  Expenses:Taxes:Y2022:US:Federal:PreTax401k      1200.00 IRAUSD
  Assets:US:BayBook:Vacation                            5 VACHR
  Income:US:BayBook:Vacation                           -5 VACHR

2022-06-23 * "BayBook" "Payroll"
  Assets:US:BofA:Checking                         1350.60 USD
  Assets:US:Vanguard:Cash                         1200.00 USD
  Income:US:BayBook:Salary                       -4615.38 USD
  Income:US:BayBook:GroupTermLife                  -24.32 USD
  Expenses:Health:Life:GroupTermLife                24.32 USD
  Expenses:Health:Dental:Insurance                   2.90 USD
  Expenses:Health:Medical:Insurance                 27.38 USD
  Expenses:Health:Vision:Insurance                  42.30 USD
  Expenses:Taxes:Y2022:US:Medicare                 106.62 USD
  Expenses:Taxes:Y2022:US:Federal                 1062.92 USD
  Expenses:Taxes:Y2022:US:State                    365.08 USD
  Expenses:Taxes:Y2022:US:CityNYC                  174.92 USD
  Expenses:Taxes:Y2022:US:SDI                        1.12 USD
  Expenses:Taxes:Y2022:US:SocSec                   281.54 USD
  Assets:US:Federal:PreTax401k                   -1200.00 IRAUSD
  Expenses:Taxes:Y2022:US:Federal:PreTax401k      1200.00 IRAUSD
  Assets:US:BayBook:Vacation                            5 VACHR
  Income:US:BayBook:Vacation                           -5 VACHR

2022-07-07 * "BayBook" "Payroll"
  Assets:US:BofA:Checking                         1350.60 USD
  Assets:US:Vanguard:Cash                         1200.00 USD
  Income:US:BayBook:Salary                       -4615.38 USD
  Income:US:BayBook:GroupTermLife                  -24.32 USD
  Expenses:Health:Life:GroupTermLife                24.32 USD
  Expenses:Health:Dental:Insurance                   2.90 USD
  Expenses:Health:Medical:Insurance                 27.38 USD
  Expenses:Health:Vision:Insurance                  42.30 USD
  Expenses:Taxes:Y2022:US:Medicare                 106.62 USD
  Expenses:Taxes:Y2022:US:Federal                 1062.92 USD
  Expenses:Taxes:Y2022:US:State                    365.08 USD
  Expenses:Taxes:Y2022:US:CityNYC                  174.92 USD
  Expenses:Taxes:Y2022:US:SDI                        1.12 USD
  Expenses:Taxes:Y2022:US:SocSec                   281.54 USD
  Assets:US:Federal:PreTax401k                   -1200.00 IRAUSD
  Expenses:Taxes:Y2022:US:Federal:PreTax401k      1200.00 IRAUSD
  Assets:US:BayBook:Vacation                            5 VACHR
  Income:US:BayBook:Vacation                           -5 VACHR

2022-07-21 * "BayBook" "Payroll"
  Assets:US:BofA:Checking                         1350.60 USD
  Assets:US:Vanguard:Cash                         1200.00 USD
  Income:US:BayBook:Salary                       -4615.38 USD
  Income:US:BayBook:GroupTermLife                  -24.32 USD
  Expenses:Health:Life:GroupTermLife                24.32 USD
  Expenses:Health:Dental:Insurance                   2.90 USD
  Expenses:Health:Medical:Insurance                 27.38 USD
  Expenses:Health:Vision:Insurance                  42.30 USD
  Expenses:Taxes:Y2022:US:Medicare                 106.62 USD
  Expenses:Taxes:Y2022:US:Federal                 1062.92 USD
  Expenses:Taxes:Y2022:US:State                    365.08 USD
  Expenses:Taxes:Y2022:US:CityNYC                  174.92 USD
  Expenses:Taxes:Y2022:US:SDI                        1.12 USD
  Expenses:Taxes:Y2022:US:SocSec                   281.54 USD
  Assets:US:Federal:PreTax401k                   -1200.00 IRAUSD
  Expenses:Taxes:Y2022:US:Federal:PreTax401k      1200.00 IRAUSD
  Assets:US:BayBook:Vacation                            5 VACHR
  Income:US:BayBook:Vacation                           -5 VACHR

2022-08-04 * "BayBook" "Payroll"
  Assets:US:BofA:Checking                         2050.60 USD
  Assets:US:Vanguard:Cash                          500.00 USD
  Income:US:BayBook:Salary                       -4615.38 USD
  Income:US:BayBook:GroupTermLife                  -24.32 USD
  Expenses:Health:Life:GroupTermLife                24.32 USD
  Expenses:Health:Dental:Insurance                   2.90 USD
  Expenses:Health:Medical:Insurance                 27.38 USD
  Expenses:Health:Vision:Insurance                  42.30 USD
  Expenses:Taxes:Y2022:US:Medicare                 106.62 USD
  Expenses:Taxes:Y2022:US:Federal                 1062.92 USD
  Expenses:Taxes:Y2022:US:State                    365.08 USD
  Expenses:Taxes:Y2022:US:CityNYC                  174.92 USD
  Expenses:Taxes:Y2022:US:SDI                        1.12 USD
  Expenses:Taxes:Y2022:US:SocSec                   281.54 USD
  Assets:US:Federal:PreTax401k                    -500.00 IRAUSD
  Expenses:Taxes:Y2022:US:Federal:PreTax401k       500.00 IRAUSD
  Assets:US:BayBook:Vacation                            5 VACHR
  Income:US:BayBook:Vacation                           -5 VACHR

2022-08-18 * "BayBook" "Payroll"
  Assets:US:BofA:Checking                         2550.60 USD
  Income:US:BayBook:Salary                       -4615.38 USD
  Income:US:BayBook:GroupTermLife                  -24.32 USD
  Expenses:Health:Life:GroupTermLife                24.32 USD
  Expenses:Health:Dental:Insurance                   2.90 USD
  Expenses:Health:Medical:Insurance                 27.38 USD
  Expenses:Health:Vision:Insurance                  42.30 USD
  Expenses:Taxes:Y2022:US:Medicare                 106.62 USD
  Expenses:Taxes:Y2022:US:Federal                 1062.92 USD
  Expenses:Taxes:Y2022:US:State                    365.08 USD
  Expenses:Taxes:Y2022:US:CityNYC                  174.92 USD
  Expenses:Taxes:Y2022:US:SDI                        1.12 USD
  Expenses:Taxes:Y2022:US:SocSec                   281.54 USD
  Assets:US:Federal:PreTax401k                       0.00 IRAUSD
  Assets:US:BayBook:Vacation                            5 VACHR
  Income:US:BayBook:Vacation                           -5 VACHR

2022-09-01 * "BayBook" "Payroll"
  Assets:US:BofA:Checking                         2550.60 USD
  Income:US:BayBook:Salary                       -4615.38 USD
  Income:US:BayBook:GroupTermLife                  -24.32 USD
  Expenses:Health:Life:GroupTermLife                24.32 USD
  Expenses:Health:Dental:Insurance                   2.90 USD
  Expenses:Health:Medical:Insurance                 27.38 USD
  Expenses:Health:Vision:Insurance                  42.30 USD
  Expenses:Taxes:Y2022:US:Medicare                 106.62 USD
  Expenses:Taxes:Y2022:US:Federal                 1062.92 USD
  Expenses:Taxes:Y2022:US:State                    365.08 USD
  Expenses:Taxes:Y2022:US:CityNYC                  174.92 USD
  Expenses:Taxes:Y2022:US:SDI                        1.12 USD
  Expenses:Taxes:Y2022:US:SocSec                   281.54 USD
  Assets:US:Federal:PreTax401k                       0.00 IRAUSD
  Assets:US:BayBook:Vacation                            5 VACHR
  Income:US:BayBook:Vacation                           -5 VACHR

2022-09-15 * "BayBook" "Payroll"
  Assets:US:BofA:Checking                         2550.60 USD
  Income:US:BayBook:Salary                       -4615.38 USD
  Income:US:BayBook:GroupTermLife                  -24.32 USD
  Expenses:Health:Life:GroupTermLife                24.32 USD
  Expenses:Health:Dental:Insurance                   2.90 USD
  Expenses:Health:Medical:Insurance                 27.38 USD
  Expenses:Health:Vision:Insurance                  42.30 USD
  Expenses:Taxes:Y2022:US:Medicare                 106.62 USD
  Expenses:Taxes:Y2022:US:Federal                 1062.92 USD
  Expenses:Taxes:Y2022:US:State                    365.08 USD
  Expenses:Taxes:Y2022:US:CityNYC                  174.92 USD
  Expenses:Taxes:Y2022:US:SDI                        1.12 USD
  Expenses:Taxes:Y2022:US:SocSec                   281.54 USD
  Assets:US:Federal:PreTax401k                       0.00 IRAUSD
  Assets:US:BayBook:Vacation                            5 VACHR
  Income:US:BayBook:Vacation                           -5 VACHR

2022-09-29 * "BayBook" "Payroll"
  Assets:US:BofA:Checking                         2550.60 USD
  Income:US:BayBook:Salary                       -4615.38 USD
  Income:US:BayBook:GroupTermLife                  -24.32 USD
  Expenses:Health:Life:GroupTermLife                24.32 USD
  Expenses:Health:Dental:Insurance                   2.90 USD
  Expenses:Health:Medical:Insurance                 27.38 USD
  Expenses:Health:Vision:Insurance                  42.30 USD
  Expenses:Taxes:Y2022:US:Medicare                 106.62 USD
  Expenses:Taxes:Y2022:US:Federal                 1062.92 USD
  Expenses:Taxes:Y2022:US:State                    365.08 USD
  Expenses:Taxes:Y2022:US:CityNYC                  174.92 USD
  Expenses:Taxes:Y2022:US:SDI                        1.12 USD
  Expenses:Taxes:Y2022:US:SocSec                   281.54 USD
  Assets:US:Federal:PreTax401k                       0.00 IRAUSD
  Assets:US:BayBook:Vacation                            5 VACHR
  Income:US:BayBook:Vacation                           -5 VACHR

2022-10-13 * "BayBook" "Payroll"
  Assets:US:BofA:Checking                         2550.60 USD
  Income:US:BayBook:Salary                       -4615.38 USD
  Income:US:BayBook:GroupTermLife                  -24.32 USD
  Expenses:Health:Life:GroupTermLife                24.32 USD
  Expenses:Health:Dental:Insurance                   2.90 USD
  Expenses:Health:Medical:Insurance                 27.38 USD
  Expenses:Health:Vision:Insurance                  42.30 USD
  Expenses:Taxes:Y2022:US:Medicare                 106.62 USD
  Expenses:Taxes:Y2022:US:Federal                 1062.92 USD
  Expenses:Taxes:Y2022:US:State                    365.08 USD
  Expenses:Taxes:Y2022:US:CityNYC                  174.92 USD
  Expenses:Taxes:Y2022:US:SDI                        1.12 USD
  Expenses:Taxes:Y2022:US:SocSec                   281.54 USD
  Assets:US:Federal:PreTax401k                       0.00 IRAUSD
  Assets:US:BayBook:Vacation                            5 VACHR
  Income:US:BayBook:Vacation                           -5 VACHR

2022-10-27 * "BayBook" "Payroll"
  Assets:US:BofA:Checking                         2550.60 USD
  Income:US:BayBook:Salary                       -4615.38 USD
  Income:US:BayBook:GroupTermLife                  -24.32 USD
  Expenses:Health:Life:GroupTermLife                24.32 USD
  Expenses:Health:Dental:Insurance                   2.90 USD
  Expenses:Health:Medical:Insurance                 27.38 USD
  Expenses:Health:Vision:Insurance                  42.30 USD
  Expenses:Taxes:Y2022:US:Medicare                 106.62 USD
  Expenses:Taxes:Y2022:US:Federal                 1062.92 USD
  Expenses:Taxes:Y2022:US:State                    365.08 USD
  Expenses:Taxes:Y2022:US:CityNYC                  174.92 USD
  Expenses:Taxes:Y2022:US:SDI                        1.12 USD
  Expenses:Taxes:Y2022:US:SocSec                   281.54 USD
  Assets:US:Federal:PreTax401k                       0.00 IRAUSD
  Assets:US:BayBook:Vacation                            5 VACHR
  Income:US:BayBook:Vacation                           -5 VACHR

2022-11-10 * "BayBook" "Payroll"
  Assets:US:BofA:Checking                         2550.60 USD
  Income:US:BayBook:Salary                       -4615.38 USD
  Income:US:BayBook:GroupTermLife                  -24.32 USD
  Expenses:Health:Life:GroupTermLife                24.32 USD
  Expenses:Health:Dental:Insurance                   2.90 USD
  Expenses:Health:Medical:Insurance                 27.38 USD
  Expenses:Health:Vision:Insurance                  42.30 USD
  Expenses:Taxes:Y2022:US:Medicare                 106.62 USD
  Expenses:Taxes:Y2022:US:Federal                 1062.92 USD
  Expenses:Taxes:Y2022:US:State                    365.08 USD
  Expenses:Taxes:Y2022:US:CityNYC                  174.92 USD
  Expenses:Taxes:Y2022:US:SDI                        1.12 USD
  Expenses:Taxes:Y2022:US:SocSec                   281.54 USD
  Assets:US:Federal:PreTax401k                       0.00 IRAUSD
  Assets:US:BayBook:Vacation                            5 VACHR
  Income:US:BayBook:Vacation                           -5 VACHR

2022-11-24 * "BayBook" "Payroll"
  Assets:US:BofA:Checking                         2550.60 USD
  Income:US:BayBook:Salary                       -4615.38 USD
  Income:US:BayBook:GroupTermLife                  -24.32 USD
  Expenses:Health:Life:GroupTermLife                24.32 USD
  Expenses:Health:Dental:Insurance                   2.90 USD
  Expenses:Health:Medical:Insurance                 27.38 USD
  Expenses:Health:Vision:Insurance                  42.30 USD
  Expenses:Taxes:Y2022:US:Medicare                 106.62 USD
  Expenses:Taxes:Y2022:US:Federal                 1062.92 USD
  Expenses:Taxes:Y2022:US:State                    365.08 USD
  Expenses:Taxes:Y2022:US:CityNYC                  174.92 USD
  Expenses:Taxes:Y2022:US:SDI                        1.12 USD
  Expenses:Taxes:Y2022:US:SocSec                   281.54 USD
  Assets:US:Federal:PreTax401k                       0.00 IRAUSD
  Assets:US:BayBook:Vacation                            5 VACHR
  Income:US:BayBook:Vacation                           -5 VACHR

2022-12-08 * "BayBook" "Payroll"
  Assets:US:BofA:Checking                         2589.06 USD
  Income:US:BayBook:Salary                       -4615.38 USD
  Income:US:BayBook:GroupTermLife                  -24.32 USD
  Expenses:Health:Life:GroupTermLife                24.32 USD
  Expenses:Health:Dental:Insurance                   2.90 USD
  Expenses:Health:Medical:Insurance                 27.38 USD
  Expenses:Health:Vision:Insurance                  42.30 USD
  Expenses:Taxes:Y2022:US:Medicare                 106.62 USD
  Expenses:Taxes:Y2022:US:Federal                 1062.92 USD
  Expenses:Taxes:Y2022:US:State                    365.08 USD
  Expenses:Taxes:Y2022:US:CityNYC                  174.92 USD
  Expenses:Taxes:Y2022:US:SDI                        1.12 USD
  Expenses:Taxes:Y2022:US:SocSec                   243.08 USD
  Assets:US:Federal:PreTax401k                       0.00 IRAUSD
  Assets:US:BayBook:Vacation                            5 VACHR
  Income:US:BayBook:Vacation                           -5 VACHR

2022-12-22 * "BayBook" "Payroll"
  Assets:US:BofA:Checking                         2832.14 USD
  Income:US:BayBook:Salary                       -4615.38 USD
  Income:US:BayBook:GroupTermLife                  -24.32 USD
  Expenses:Health:Life:GroupTermLife                24.32 USD
  Expenses:Health:Dental:Insurance                   2.90 USD
  Expenses:Health:Medical:Insurance                 27.38 USD
  Expenses:Health:Vision:Insurance                  42.30 USD
  Expenses:Taxes:Y2022:US:Medicare                 106.62 USD
  Expenses:Taxes:Y2022:US:Federal                 1062.92 USD
  Expenses:Taxes:Y2022:US:State                    365.08 USD
  Expenses:Taxes:Y2022:US:CityNYC                  174.92 USD
  Expenses:Taxes:Y2022:US:SDI                        1.12 USD
  Expenses:Taxes:Y2022:US:SocSec                     0.00 USD
  Assets:US:Federal:PreTax401k                       0.00 IRAUSD
  Assets:US:BayBook:Vacation                            5 VACHR
  Income:US:BayBook:Vacation                           -5 VACHR

2023-01-05 * "BayBook" "Payroll"
  Assets:US:BofA:Checking                         1350.60 USD
  Assets:US:Vanguard:Cash                         1200.00 USD
  Income:US:BayBook:Salary                       -4615.38 USD
  Income:US:BayBook:GroupTermLife                  -24.32 USD
  Expenses:Health:Life:GroupTermLife                24.32 USD
  Expenses:Health:Dental:Insurance                   2.90 USD
  Expenses:Health:Medical:Insurance                 27.38 USD
  Expenses:Health:Vision:Insurance                  42.30 USD
  Expenses:Taxes:Y2023:US:Medicare                 106.62 USD
  Expenses:Taxes:Y2023:US:Federal                 1062.92 USD
  Expenses:Taxes:Y2023:US:State                    365.08 USD
  Expenses:Taxes:Y2023:US:CityNYC                  174.92 USD
  Expenses:Taxes:Y2023:US:SDI                        1.12 USD
  Expenses:Taxes:Y2023:US:SocSec                   281.54 USD
  Assets:US:Federal:PreTax401k                   -1200.00 IRAUSD
  Expenses:Taxes:Y2023:US:Federal:PreTax401k      1200.00 IRAUSD
  Assets:US:BayBook:Vacation                            5 VACHR
  Income:US:BayBook:Vacation                           -5 VACHR

2023-01-19 * "BayBook" "Payroll"
  Assets:US:BofA:Checking                         1350.60 USD
  Assets:US:Vanguard:Cash                         1200.00 USD
  Income:US:BayBook:Salary                       -4615.38 USD
  Income:US:BayBook:GroupTermLife                  -24.32 USD
  Expenses:Health:Life:GroupTermLife                24.32 USD
  Expenses:Health:Dental:Insurance                   2.90 USD
  Expenses:Health:Medical:Insurance                 27.38 USD
  Expenses:Health:Vision:Insurance                  42.30 USD
  Expenses:Taxes:Y2023:US:Medicare                 106.62 USD
  Expenses:Taxes:Y2023:US:Federal                 1062.92 USD
  Expenses:Taxes:Y2023:US:State                    365.08 USD
  Expenses:Taxes:Y2023:US:CityNYC                  174.92 USD
  Expenses:Taxes:Y2023:US:SDI                        1.12 USD
  Expenses:Taxes:Y2023:US:SocSec                   281.54 USD
  Assets:US:Federal:PreTax401k                   -1200.00 IRAUSD
  Expenses:Taxes:Y2023:US:Federal:PreTax401k      1200.00 IRAUSD
  Assets:US:BayBook:Vacation                            5 VACHR
  Income:US:BayBook:Vacation                           -5 VACHR

2023-02-02 * "BayBook" "Payroll"
  Assets:US:BofA:Checking                         1350.60 USD
  Assets:US:Vanguard:Cash                         1200.00 USD
  Income:US:BayBook:Salary                       -4615.38 USD
  Income:US:BayBook:GroupTermLife                  -24.32 USD
  Expenses:Health:Life:GroupTermLife                24.32 USD
  Expenses:Health:Dental:Insurance                   2.90 USD
  Expenses:Health:Medical:Insurance                 27.38 USD
  Expenses:Health:Vision:Insurance                  42.30 USD
  Expenses:Taxes:Y2023:US:Medicare                 106.62 USD
  Expenses:Taxes:Y2023:US:Federal                 1062.92 USD
  Expenses:Taxes:Y2023:US:State                    365.08 USD
  Expenses:Taxes:Y2023:US:CityNYC                  174.92 USD
  Expenses:Taxes:Y2023:US:SDI                        1.12 USD
  Expenses:Taxes:Y2023:US:SocSec                   281.54 USD
  Assets:US:Federal:PreTax401k                   -1200.00 IRAUSD
  Expenses:Taxes:Y2023:US:Federal:PreTax401k      1200.00 IRAUSD
  Assets:US:BayBook:Vacation                            5 VACHR
  Income:US:BayBook:Vacation                           -5 VACHR

2023-02-16 * "BayBook" "Payroll"
  Assets:US:BofA:Checking                         1350.60 USD
  Assets:US:Vanguard:Cash                         1200.00 USD
  Income:US:BayBook:Salary                       -4615.38 USD
  Income:US:BayBook:GroupTermLife                  -24.32 USD
  Expenses:Health:Life:GroupTermLife                24.32 USD
  Expenses:Health:Dental:Insurance                   2.90 USD
  Expenses:Health:Medical:Insurance                 27.38 USD
  Expenses:Health:Vision:Insurance                  42.30 USD
  Expenses:Taxes:Y2023:US:Medicare                 106.62 USD
  Expenses:Taxes:Y2023:US:Federal                 1062.92 USD
  Expenses:Taxes:Y2023:US:State                    365.08 USD
  Expenses:Taxes:Y2023:US:CityNYC                  174.92 USD
  Expenses:Taxes:Y2023:US:SDI                        1.12 USD
  Expenses:Taxes:Y2023:US:SocSec                   281.54 USD
  Assets:US:Federal:PreTax401k                   -1200.00 IRAUSD
  Expenses:Taxes:Y2023:US:Federal:PreTax401k      1200.00 IRAUSD
  Assets:US:BayBook:Vacation                            5 VACHR
  Income:US:BayBook:Vacation                           -5 VACHR

2023-03-02 * "BayBook" "Payroll"
  Assets:US:BofA:Checking                         1350.60 USD
  Assets:US:Vanguard:Cash                         1200.00 USD
  Income:US:BayBook:Salary                       -4615.38 USD
  Income:US:BayBook:GroupTermLife                  -24.32 USD
  Expenses:Health:Life:GroupTermLife                24.32 USD
  Expenses:Health:Dental:Insurance                   2.90 USD
  Expenses:Health:Medical:Insurance                 27.38 USD
  Expenses:Health:Vision:Insurance                  42.30 USD
  Expenses:Taxes:Y2023:US:Medicare                 106.62 USD
  Expenses:Taxes:Y2023:US:Federal                 1062.92 USD
  Expenses:Taxes:Y2023:US:State                    365.08 USD
  Expenses:Taxes:Y2023:US:CityNYC                  174.92 USD
  Expenses:Taxes:Y2023:US:SDI                        1.12 USD
  Expenses:Taxes:Y2023:US:SocSec                   281.54 USD
  Assets:US:Federal:PreTax401k                   -1200.00 IRAUSD
  Expenses:Taxes:Y2023:US:Federal:PreTax401k      1200.00 IRAUSD
  Assets:US:BayBook:Vacation                            5 VACHR
  Income:US:BayBook:Vacation                           -5 VACHR

2023-03-16 * "BayBook" "Payroll"
  Assets:US:BofA:Checking                         1350.60 USD
  Assets:US:Vanguard:Cash                         1200.00 USD
  Income:US:BayBook:Salary                       -4615.38 USD
  Income:US:BayBook:GroupTermLife                  -24.32 USD
  Expenses:Health:Life:GroupTermLife                24.32 USD
  Expenses:Health:Dental:Insurance                   2.90 USD
  Expenses:Health:Medical:Insurance                 27.38 USD
  Expenses:Health:Vision:Insurance                  42.30 USD
  Expenses:Taxes:Y2023:US:Medicare                 106.62 USD
  Expenses:Taxes:Y2023:US:Federal                 1062.92 USD
  Expenses:Taxes:Y2023:US:State                    365.08 USD
  Expenses:Taxes:Y2023:US:CityNYC                  174.92 USD
  Expenses:Taxes:Y2023:US:SDI                        1.12 USD
  Expenses:Taxes:Y2023:US:SocSec                   281.54 USD
  Assets:US:Federal:PreTax401k                   -1200.00 IRAUSD
  Expenses:Taxes:Y2023:US:Federal:PreTax401k      1200.00 IRAUSD
  Assets:US:BayBook:Vacation                            5 VACHR
  Income:US:BayBook:Vacation                           -5 VACHR

2023-03-30 * "BayBook" "Payroll"
  Assets:US:BofA:Checking                         1350.60 USD
  Assets:US:Vanguard:Cash                         1200.00 USD
  Income:US:BayBook:Salary                       -4615.38 USD
  Income:US:BayBook:GroupTermLife                  -24.32 USD
  Expenses:Health:Life:GroupTermLife                24.32 USD
  Expenses:Health:Dental:Insurance                   2.90 USD
  Expenses:Health:Medical:Insurance                 27.38 USD
  Expenses:Health:Vision:Insurance                  42.30 USD
  Expenses:Taxes:Y2023:US:Medicare                 106.62 USD
  Expenses:Taxes:Y2023:US:Federal                 1062.92 USD
  Expenses:Taxes:Y2023:US:State                    365.08 USD
  Expenses:Taxes:Y2023:US:CityNYC                  174.92 USD
  Expenses:Taxes:Y2023:US:SDI                        1.12 USD
  Expenses:Taxes:Y2023:US:SocSec                   281.54 USD
  Assets:US:Federal:PreTax401k                   -1200.00 IRAUSD
  Expenses:Taxes:Y2023:US:Federal:PreTax401k      1200.00 IRAUSD
  Assets:US:BayBook:Vacation                            5 VACHR
  Income:US:BayBook:Vacation                           -5 VACHR

2023-04-13 * "BayBook" "Payroll"
  Assets:US:BofA:Checking                         1350.60 USD
  Assets:US:Vanguard:Cash                         1200.00 USD
  Income:US:BayBook:Salary                       -4615.38 USD
  Income:US:BayBook:GroupTermLife                  -24.32 USD
  Expenses:Health:Life:GroupTermLife                24.32 USD
  Expenses:Health:Dental:Insurance                   2.90 USD
  Expenses:Health:Medical:Insurance                 27.38 USD
  Expenses:Health:Vision:Insurance                  42.30 USD
  Expenses:Taxes:Y2023:US:Medicare                 106.62 USD
  Expenses:Taxes:Y2023:US:Federal                 1062.92 USD
  Expenses:Taxes:Y2023:US:State                    365.08 USD
  Expenses:Taxes:Y2023:US:CityNYC                  174.92 USD
  Expenses:Taxes:Y2023:US:SDI                        1.12 USD
  Expenses:Taxes:Y2023:US:SocSec                   281.54 USD
  Assets:US:Federal:PreTax401k                   -1200.00 IRAUSD
  Expenses:Taxes:Y2023:US:Federal:PreTax401k      1200.00 IRAUSD
  Assets:US:BayBook:Vacation                            5 VACHR
  Income:US:BayBook:Vacation                           -5 VACHR

2023-04-27 * "BayBook" "Payroll"
  Assets:US:BofA:Checking                         1350.60 USD
  Assets:US:Vanguard:Cash                         1200.00 USD
  Income:US:BayBook:Salary                       -4615.38 USD
  Income:US:BayBook:GroupTermLife                  -24.32 USD
  Expenses:Health:Life:GroupTermLife                24.32 USD
  Expenses:Health:Dental:Insurance                   2.90 USD
  Expenses:Health:Medical:Insurance                 27.38 USD
  Expenses:Health:Vision:Insurance                  42.30 USD
  Expenses:Taxes:Y2023:US:Medicare                 106.62 USD
  Expenses:Taxes:Y2023:US:Federal                 1062.92 USD
  Expenses:Taxes:Y2023:US:State                    365.08 USD
  Expenses:Taxes:Y2023:US:CityNYC                  174.92 USD
  Expenses:Taxes:Y2023:US:SDI                        1.12 USD
  Expenses:Taxes:Y2023:US:SocSec                   281.54 USD
  Assets:US:Federal:PreTax401k                   -1200.00 IRAUSD
  Expenses:Taxes:Y2023:US:Federal:PreTax401k      1200.00 IRAUSD
  Assets:US:BayBook:Vacation                            5 VACHR
  Income:US:BayBook:Vacation                           -5 VACHR

2023-05-11 * "BayBook" "Payroll"
  Assets:US:BofA:Checking                         1350.60 USD
  Assets:US:Vanguard:Cash                         1200.00 USD
  Income:US:BayBook:Salary                       -4615.38 USD
  Income:US:BayBook:GroupTermLife                  -24.32 USD
  Expenses:Health:Life:GroupTermLife                24.32 USD
  Expenses:Health:Dental:Insurance                   2.90 USD
  Expenses:Health:Medical:Insurance                 27.38 USD
  Expenses:Health:Vision:Insurance                  42.30 USD
  Expenses:Taxes:Y2023:US:Medicare                 106.62 USD
  Expenses:Taxes:Y2023:US:Federal                 1062.92 USD
  Expenses:Taxes:Y2023:US:State                    365.08 USD
  Expenses:Taxes:Y2023:US:CityNYC                  174.92 USD
  Expenses:Taxes:Y2023:US:SDI                        1.12 USD
  Expenses:Taxes:Y2023:US:SocSec                   281.54 USD
  Assets:US:Federal:PreTax401k                   -1200.00 IRAUSD
  Expenses:Taxes:Y2023:US:Federal:PreTax401k      1200.00 IRAUSD
  Assets:US:BayBook:Vacation                            5 VACHR
  Income:US:BayBook:Vacation                           -5 VACHR

2023-05-25 * "BayBook" "Payroll"
  Assets:US:BofA:Checking                         1350.60 USD
  Assets:US:Vanguard:Cash                         1200.00 USD
  Income:US:BayBook:Salary                       -4615.38 USD
  Income:US:BayBook:GroupTermLife                  -24.32 USD
  Expenses:Health:Life:GroupTermLife                24.32 USD
  Expenses:Health:Dental:Insurance                   2.90 USD
  Expenses:Health:Medical:Insurance                 27.38 USD
  Expenses:Health:Vision:Insurance                  42.30 USD
  Expenses:Taxes:Y2023:US:Medicare                 106.62 USD
  Expenses:Taxes:Y2023:US:Federal                 1062.92 USD
  Expenses:Taxes:Y2023:US:State                    365.08 USD
  Expenses:Taxes:Y2023:US:CityNYC                  174.92 USD
  Expenses:Taxes:Y2023:US:SDI                        1.12 USD
  Expenses:Taxes:Y2023:US:SocSec                   281.54 USD
  Assets:US:Federal:PreTax401k                   -1200.00 IRAUSD
  Expenses:Taxes:Y2023:US:Federal:PreTax401k      1200.00 IRAUSD
  Assets:US:BayBook:Vacation                            5 VACHR
  Income:US:BayBook:Vacation                           -5 VACHR

2023-06-08 * "BayBook" "Payroll"
  Assets:US:BofA:Checking                         1350.60 USD
  Assets:US:Vanguard:Cash                         1200.00 USD
  Income:US:BayBook:Salary                       -4615.38 USD
  Income:US:BayBook:GroupTermLife                  -24.32 USD
  Expenses:Health:Life:GroupTermLife                24.32 USD
  Expenses:Health:Dental:Insurance                   2.90 USD
  Expenses:Health:Medical:Insurance                 27.38 USD
  Expenses:Health:Vision:Insurance                  42.30 USD
  Expenses:Taxes:Y2023:US:Medicare                 106.62 USD
  Expenses:Taxes:Y2023:US:Federal                 1062.92 USD
  Expenses:Taxes:Y2023:US:State                    365.08 USD
  Expenses:Taxes:Y2023:US:CityNYC                  174.92 USD
  Expenses:Taxes:Y2023:US:SDI                        1.12 USD
  Expenses:Taxes:Y2023:US:SocSec                   281.54 USD
  Assets:US:Federal:PreTax401k                   -1200.00 IRAUSD
  Expenses:Taxes:Y2023:US:Federal:PreTax401k      1200.00 IRAUSD
  Assets:US:BayBook:Vacation                            5 VACHR
  Income:US:BayBook:Vacation                           -5 VACHR

2023-06-22 * "BayBook" "Payroll"
  Assets:US:BofA:Checking                         1350.60 USD
  Assets:US:Vanguard:Cash                         1200.00 USD
  Income:US:BayBook:Salary                       -4615.38 USD
  Income:US:BayBook:GroupTermLife                  -24.32 USD
  Expenses:Health:Life:GroupTermLife                24.32 USD
  Expenses:Health:Dental:Insurance                   2.90 USD
  Expenses:Health:Medical:Insurance                 27.38 USD
  Expenses:Health:Vision:Insurance                  42.30 USD
  Expenses:Taxes:Y2023:US:Medicare                 106.62 USD
  Expenses:Taxes:Y2023:US:Federal                 1062.92 USD
  Expenses:Taxes:Y2023:US:State                    365.08 USD
  Expenses:Taxes:Y2023:US:CityNYC                  174.92 USD
  Expenses:Taxes:Y2023:US:SDI                        1.12 USD
  Expenses:Taxes:Y2023:US:SocSec                   281.54 USD
  Assets:US:Federal:PreTax401k                   -1200.00 IRAUSD
  Expenses:Taxes:Y2023:US:Federal:PreTax401k      1200.00 IRAUSD
  Assets:US:BayBook:Vacation                            5 VACHR
  Income:US:BayBook:Vacation                           -5 VACHR

2023-07-06 * "BayBook" "Payroll"
  Assets:US:BofA:Checking                         1350.60 USD
  Assets:US:Vanguard:Cash                         1200.00 USD
  Income:US:BayBook:Salary                       -4615.38 USD
  Income:US:BayBook:GroupTermLife                  -24.32 USD
  Expenses:Health:Life:GroupTermLife                24.32 USD
  Expenses:Health:Dental:Insurance                   2.90 USD
  Expenses:Health:Medical:Insurance                 27.38 USD
  Expenses:Health:Vision:Insurance                  42.30 USD
  Expenses:Taxes:Y2023:US:Medicare                 106.62 USD
  Expenses:Taxes:Y2023:US:Federal                 1062.92 USD
  Expenses:Taxes:Y2023:US:State                    365.08 USD
  Expenses:Taxes:Y2023:US:CityNYC                  174.92 USD
  Expenses:Taxes:Y2023:US:SDI                        1.12 USD
  Expenses:Taxes:Y2023:US:SocSec                   281.54 USD
  Assets:US:Federal:PreTax401k                   -1200.00 IRAUSD
  Expenses:Taxes:Y2023:US:Federal:PreTax401k      1200.00 IRAUSD
  Assets:US:BayBook:Vacation                            5 VACHR
  Income:US:BayBook:Vacation                           -5 VACHR

2023-07-20 * "BayBook" "Payroll"
  Assets:US:BofA:Checking                         1350.60 USD
  Assets:US:Vanguard:Cash                         1200.00 USD
  Income:US:BayBook:Salary                       -4615.38 USD
  Income:US:BayBook:GroupTermLife                  -24.32 USD
  Expenses:Health:Life:GroupTermLife                24.32 USD
  Expenses:Health:Dental:Insurance                   2.90 USD
  Expenses:Health:Medical:Insurance                 27.38 USD
  Expenses:Health:Vision:Insurance                  42.30 USD
  Expenses:Taxes:Y2023:US:Medicare                 106.62 USD
  Expenses:Taxes:Y2023:US:Federal                 1062.92 USD
  Expenses:Taxes:Y2023:US:State                    365.08 USD
  Expenses:Taxes:Y2023:US:CityNYC                  174.92 USD
  Expenses:Taxes:Y2023:US:SDI                        1.12 USD
  Expenses:Taxes:Y2023:US:SocSec                   281.54 USD
  Assets:US:Federal:PreTax401k                   -1200.00 IRAUSD
  Expenses:Taxes:Y2023:US:Federal:PreTax401k      1200.00 IRAUSD
  Assets:US:BayBook:Vacation                            5 VACHR
  Income:US:BayBook:Vacation                           -5 VACHR

2023-08-03 * "BayBook" "Payroll"
  Assets:US:BofA:Checking                         2050.60 USD
  Assets:US:Vanguard:Cash                          500.00 USD
  Income:US:BayBook:Salary                       -4615.38 USD
  Income:US:BayBook:GroupTermLife                  -24.32 USD
  Expenses:Health:Life:GroupTermLife                24.32 USD
  Expenses:Health:Dental:Insurance                   2.90 USD
  Expenses:Health:Medical:Insurance                 27.38 USD
  Expenses:Health:Vision:Insurance                  42.30 USD
  Expenses:Taxes:Y2023:US:Medicare                 106.62 USD
  Expenses:Taxes:Y2023:US:Federal                 1062.92 USD
  Expenses:Taxes:Y2023:US:State                    365.08 USD
  Expenses:Taxes:Y2023:US:CityNYC                  174.92 USD
  Expenses:Taxes:Y2023:US:SDI                        1.12 USD
  Expenses:Taxes:Y2023:US:SocSec                   281.54 USD
  Assets:US:Federal:PreTax401k                    -500.00 IRAUSD
  Expenses:Taxes:Y2023:US:Federal:PreTax401k       500.00 IRAUSD
  Assets:US:BayBook:Vacation                            5 VACHR
  Income:US:BayBook:Vacation                           -5 VACHR

2023-08-17 * "BayBook" "Payroll"
  Assets:US:BofA:Checking                         2550.60 USD
  Income:US:BayBook:Salary                       -4615.38 USD
  Income:US:BayBook:GroupTermLife                  -24.32 USD
  Expenses:Health:Life:GroupTermLife                24.32 USD
  Expenses:Health:Dental:Insurance                   2.90 USD
  Expenses:Health:Medical:Insurance                 27.38 USD
  Expenses:Health:Vision:Insurance                  42.30 USD
  Expenses:Taxes:Y2023:US:Medicare                 106.62 USD
  Expenses:Taxes:Y2023:US:Federal                 1062.92 USD
  Expenses:Taxes:Y2023:US:State                    365.08 USD
  Expenses:Taxes:Y2023:US:CityNYC                  174.92 USD
  Expenses:Taxes:Y2023:US:SDI                        1.12 USD
  Expenses:Taxes:Y2023:US:SocSec                   281.54 USD
  Assets:US:Federal:PreTax401k                       0.00 IRAUSD
  Assets:US:BayBook:Vacation                            5 VACHR
  Income:US:BayBook:Vacation                           -5 VACHR

2023-08-31 * "BayBook" "Payroll"
  Assets:US:BofA:Checking                         2550.60 USD
  Income:US:BayBook:Salary                       -4615.38 USD
  Income:US:BayBook:GroupTermLife                  -24.32 USD
  Expenses:Health:Life:GroupTermLife                24.32 USD
  Expenses:Health:Dental:Insurance                   2.90 USD
  Expenses:Health:Medical:Insurance                 27.38 USD
  Expenses:Health:Vision:Insurance                  42.30 USD
  Expenses:Taxes:Y2023:US:Medicare                 106.62 USD
  Expenses:Taxes:Y2023:US:Federal                 1062.92 USD
  Expenses:Taxes:Y2023:US:State                    365.08 USD
  Expenses:Taxes:Y2023:US:CityNYC                  174.92 USD
  Expenses:Taxes:Y2023:US:SDI                        1.12 USD
  Expenses:Taxes:Y2023:US:SocSec                   281.54 USD
  Assets:US:Federal:PreTax401k                       0.00 IRAUSD
  Assets:US:BayBook:Vacation                            5 VACHR
  Income:US:BayBook:Vacation                           -5 VACHR

2023-09-14 * "BayBook" "Payroll"
  Assets:US:BofA:Checking                         2550.60 USD
  Income:US:BayBook:Salary                       -4615.38 USD
  Income:US:BayBook:GroupTermLife                  -24.32 USD
  Expenses:Health:Life:GroupTermLife                24.32 USD
  Expenses:Health:Dental:Insurance                   2.90 USD
  Expenses:Health:Medical:Insurance                 27.38 USD
  Expenses:Health:Vision:Insurance                  42.30 USD
  Expenses:Taxes:Y2023:US:Medicare                 106.62 USD
  Expenses:Taxes:Y2023:US:Federal                 1062.92 USD
  Expenses:Taxes:Y2023:US:State                    365.08 USD
  Expenses:Taxes:Y2023:US:CityNYC                  174.92 USD
  Expenses:Taxes:Y2023:US:SDI                        1.12 USD
  Expenses:Taxes:Y2023:US:SocSec                   281.54 USD
  Assets:US:Federal:PreTax401k                       0.00 IRAUSD
  Assets:US:BayBook:Vacation                            5 VACHR
  Income:US:BayBook:Vacation                           -5 VACHR

2023-09-28 * "BayBook" "Payroll"
  Assets:US:BofA:Checking                         2550.60 USD
  Income:US:BayBook:Salary                       -4615.38 USD
  Income:US:BayBook:GroupTermLife                  -24.32 USD
  Expenses:Health:Life:GroupTermLife                24.32 USD
  Expenses:Health:Dental:Insurance                   2.90 USD
  Expenses:Health:Medical:Insurance                 27.38 USD
  Expenses:Health:Vision:Insurance                  42.30 USD
  Expenses:Taxes:Y2023:US:Medicare                 106.62 USD
  Expenses:Taxes:Y2023:US:Federal                 1062.92 USD
  Expenses:Taxes:Y2023:US:State                    365.08 USD
  Expenses:Taxes:Y2023:US:CityNYC                  174.92 USD
  Expenses:Taxes:Y2023:US:SDI                        1.12 USD
  Expenses:Taxes:Y2023:US:SocSec                   281.54 USD
  Assets:US:Federal:PreTax401k                       0.00 IRAUSD
  Assets:US:BayBook:Vacation                            5 VACHR
  Income:US:BayBook:Vacation                           -5 VACHR

2023-10-12 * "BayBook" "Payroll"
  Assets:US:BofA:Checking                         2550.60 USD
  Income:US:BayBook:Salary                       -4615.38 USD
  Income:US:BayBook:GroupTermLife                  -24.32 USD
  Expenses:Health:Life:GroupTermLife                24.32 USD
  Expenses:Health:Dental:Insurance                   2.90 USD
  Expenses:Health:Medical:Insurance                 27.38 USD
  Expenses:Health:Vision:Insurance                  42.30 USD
  Expenses:Taxes:Y2023:US:Medicare                 106.62 USD
  Expenses:Taxes:Y2023:US:Federal                 1062.92 USD
  Expenses:Taxes:Y2023:US:State                    365.08 USD
  Expenses:Taxes:Y2023:US:CityNYC                  174.92 USD
  Expenses:Taxes:Y2023:US:SDI                        1.12 USD
  Expenses:Taxes:Y2023:US:SocSec                   281.54 USD
  Assets:US:Federal:PreTax401k                       0.00 IRAUSD
  Assets:US:BayBook:Vacation                            5 VACHR
  Income:US:BayBook:Vacation                           -5 VACHR

2023-10-26 * "BayBook" "Payroll"
  Assets:US:BofA:Checking                         2550.60 USD
  Income:US:BayBook:Salary                       -4615.38 USD
  Income:US:BayBook:GroupTermLife                  -24.32 USD
  Expenses:Health:Life:GroupTermLife                24.32 USD
  Expenses:Health:Dental:Insurance                   2.90 USD
  Expenses:Health:Medical:Insurance                 27.38 USD
  Expenses:Health:Vision:Insurance                  42.30 USD
  Expenses:Taxes:Y2023:US:Medicare                 106.62 USD
  Expenses:Taxes:Y2023:US:Federal                 1062.92 USD
  Expenses:Taxes:Y2023:US:State                    365.08 USD
  Expenses:Taxes:Y2023:US:CityNYC                  174.92 USD
  Expenses:Taxes:Y2023:US:SDI                        1.12 USD
  Expenses:Taxes:Y2023:US:SocSec                   281.54 USD
  Assets:US:Federal:PreTax401k                       0.00 IRAUSD
  Assets:US:BayBook:Vacation                            5 VACHR
  Income:US:BayBook:Vacation                           -5 VACHR

2023-11-09 * "BayBook" "Payroll"
  Assets:US:BofA:Checking                         2550.60 USD
  Income:US:BayBook:Salary                       -4615.38 USD
  Income:US:BayBook:GroupTermLife                  -24.32 USD
  Expenses:Health:Life:GroupTermLife                24.32 USD
  Expenses:Health:Dental:Insurance                   2.90 USD
  Expenses:Health:Medical:Insurance                 27.38 USD
  Expenses:Health:Vision:Insurance                  42.30 USD
  Expenses:Taxes:Y2023:US:Medicare                 106.62 USD
  Expenses:Taxes:Y2023:US:Federal                 1062.92 USD
  Expenses:Taxes:Y2023:US:State                    365.08 USD
  Expenses:Taxes:Y2023:US:CityNYC                  174.92 USD
  Expenses:Taxes:Y2023:US:SDI                        1.12 USD
  Expenses:Taxes:Y2023:US:SocSec                   281.54 USD
  Assets:US:Federal:PreTax401k                       0.00 IRAUSD
  Assets:US:BayBook:Vacation                            5 VACHR
  Income:US:BayBook:Vacation                           -5 VACHR

2023-11-23 * "BayBook" "Payroll"
  Assets:US:BofA:Checking                         2550.60 USD
  Income:US:BayBook:Salary                       -4615.38 USD
  Income:US:BayBook:GroupTermLife                  -24.32 USD
  Expenses:Health:Life:GroupTermLife                24.32 USD
  Expenses:Health:Dental:Insurance                   2.90 USD
  Expenses:Health:Medical:Insurance                 27.38 USD
  Expenses:Health:Vision:Insurance                  42.30 USD
  Expenses:Taxes:Y2023:US:Medicare                 106.62 USD
  Expenses:Taxes:Y2023:US:Federal                 1062.92 USD
  Expenses:Taxes:Y2023:US:State                    365.08 USD
  Expenses:Taxes:Y2023:US:CityNYC                  174.92 USD
  Expenses:Taxes:Y2023:US:SDI                        1.12 USD
  Expenses:Taxes:Y2023:US:SocSec                   281.54 USD
  Assets:US:Federal:PreTax401k                       0.00 IRAUSD
  Assets:US:BayBook:Vacation                            5 VACHR
  Income:US:BayBook:Vacation                           -5 VACHR

2023-12-07 * "BayBook" "Payroll"
  Assets:US:BofA:Checking                         2589.06 USD
  Income:US:BayBook:Salary                       -4615.38 USD
  Income:US:BayBook:GroupTermLife                  -24.32 USD
  Expenses:Health:Life:GroupTermLife                24.32 USD
  Expenses:Health:Dental:Insurance                   2.90 USD
  Expenses:Health:Medical:Insurance                 27.38 USD
  Expenses:Health:Vision:Insurance                  42.30 USD
  Expenses:Taxes:Y2023:US:Medicare                 106.62 USD
  Expenses:Taxes:Y2023:US:Federal                 1062.92 USD
  Expenses:Taxes:Y2023:US:State                    365.08 USD
  Expenses:Taxes:Y2023:US:CityNYC                  174.92 USD
  Expenses:Taxes:Y2023:US:SDI                        1.12 USD
  Expenses:Taxes:Y2023:US:SocSec                   243.08 USD
  Assets:US:Federal:PreTax401k                       0.00 IRAUSD
  Assets:US:BayBook:Vacation                            5 VACHR
  Income:US:BayBook:Vacation                           -5 VACHR

2023-12-21 * "BayBook" "Payroll"
  Assets:US:BofA:Checking                         2832.14 USD
  Income:US:BayBook:Salary                       -4615.38 USD
  Income:US:BayBook:GroupTermLife                  -24.32 USD
  Expenses:Health:Life:GroupTermLife                24.32 USD
  Expenses:Health:Dental:Insurance                   2.90 USD
  Expenses:Health:Medical:Insurance                 27.38 USD
  Expenses:Health:Vision:Insurance                  42.30 USD
  Expenses:Taxes:Y2023:US:Medicare                 106.62 USD
  Expenses:Taxes:Y2023:US:Federal                 1062.92 USD
  Expenses:Taxes:Y2023:US:State                    365.08 USD
  Expenses:Taxes:Y2023:US:CityNYC                  174.92 USD
  Expenses:Taxes:Y2023:US:SDI                        1.12 USD
  Expenses:Taxes:Y2023:US:SocSec                     0.00 USD
  Assets:US:Federal:PreTax401k                       0.00 IRAUSD
  Assets:US:BayBook:Vacation                            5 VACHR
  Income:US:BayBook:Vacation                           -5 VACHR

2024-01-04 * "BayBook" "Payroll"
  Assets:US:BofA:Checking                         1350.60 USD
  Assets:US:Vanguard:Cash                         1200.00 USD
  Income:US:BayBook:Salary                       -4615.38 USD
  Income:US:BayBook:GroupTermLife                  -24.32 USD
  Expenses:Health:Life:GroupTermLife                24.32 USD
  Expenses:Health:Dental:Insurance                   2.90 USD
  Expenses:Health:Medical:Insurance                 27.38 USD
  Expenses:Health:Vision:Insurance                  42.30 USD
  Expenses:Taxes:Y2024:US:Medicare                 106.62 USD
  Expenses:Taxes:Y2024:US:Federal                 1062.92 USD
  Expenses:Taxes:Y2024:US:State                    365.08 USD
  Expenses:Taxes:Y2024:US:CityNYC                  174.92 USD
  Expenses:Taxes:Y2024:US:SDI                        1.12 USD
  Expenses:Taxes:Y2024:US:SocSec                   281.54 USD
  Assets:US:Federal:PreTax401k                   -1200.00 IRAUSD
  Expenses:Taxes:Y2024:US:Federal:PreTax401k      1200.00 IRAUSD
  Assets:US:BayBook:Vacation                            5 VACHR
  Income:US:BayBook:Vacation                           -5 VACHR

2024-01-18 * "BayBook" "Payroll"
  Assets:US:BofA:Checking                         1350.60 USD
  Assets:US:Vanguard:Cash                         1200.00 USD
  Income:US:BayBook:Salary                       -4615.38 USD
  Income:US:BayBook:GroupTermLife                  -24.32 USD
  Expenses:Health:Life:GroupTermLife                24.32 USD
  Expenses:Health:Dental:Insurance                   2.90 USD
  Expenses:Health:Medical:Insurance                 27.38 USD
  Expenses:Health:Vision:Insurance                  42.30 USD
  Expenses:Taxes:Y2024:US:Medicare                 106.62 USD
  Expenses:Taxes:Y2024:US:Federal                 1062.92 USD
  Expenses:Taxes:Y2024:US:State                    365.08 USD
  Expenses:Taxes:Y2024:US:CityNYC                  174.92 USD
  Expenses:Taxes:Y2024:US:SDI                        1.12 USD
  Expenses:Taxes:Y2024:US:SocSec                   281.54 USD
  Assets:US:Federal:PreTax401k                   -1200.00 IRAUSD
  Expenses:Taxes:Y2024:US:Federal:PreTax401k      1200.00 IRAUSD
  Assets:US:BayBook:Vacation                            5 VACHR
  Income:US:BayBook:Vacation                           -5 VACHR

2024-02-01 * "BayBook" "Payroll"
  Assets:US:BofA:Checking                         1350.60 USD
  Assets:US:Vanguard:Cash                         1200.00 USD
  Income:US:BayBook:Salary                       -4615.38 USD
  Income:US:BayBook:GroupTermLife                  -24.32 USD
  Expenses:Health:Life:GroupTermLife                24.32 USD
  Expenses:Health:Dental:Insurance                   2.90 USD
  Expenses:Health:Medical:Insurance                 27.38 USD
  Expenses:Health:Vision:Insurance                  42.30 USD
  Expenses:Taxes:Y2024:US:Medicare                 106.62 USD
  Expenses:Taxes:Y2024:US:Federal                 1062.92 USD
  Expenses:Taxes:Y2024:US:State                    365.08 USD
  Expenses:Taxes:Y2024:US:CityNYC                  174.92 USD
  Expenses:Taxes:Y2024:US:SDI                        1.12 USD
  Expenses:Taxes:Y2024:US:SocSec                   281.54 USD
  Assets:US:Federal:PreTax401k                   -1200.00 IRAUSD
  Expenses:Taxes:Y2024:US:Federal:PreTax401k      1200.00 IRAUSD
  Assets:US:BayBook:Vacation                            5 VACHR
  Income:US:BayBook:Vacation                           -5 VACHR

2024-02-15 * "BayBook" "Payroll"
  Assets:US:BofA:Checking                         1350.60 USD
  Assets:US:Vanguard:Cash                         1200.00 USD
  Income:US:BayBook:Salary                       -4615.38 USD
  Income:US:BayBook:GroupTermLife                  -24.32 USD
  Expenses:Health:Life:GroupTermLife                24.32 USD
  Expenses:Health:Dental:Insurance                   2.90 USD
  Expenses:Health:Medical:Insurance                 27.38 USD
  Expenses:Health:Vision:Insurance                  42.30 USD
  Expenses:Taxes:Y2024:US:Medicare                 106.62 USD
  Expenses:Taxes:Y2024:US:Federal                 1062.92 USD
  Expenses:Taxes:Y2024:US:State                    365.08 USD
  Expenses:Taxes:Y2024:US:CityNYC                  174.92 USD
  Expenses:Taxes:Y2024:US:SDI                        1.12 USD
  Expenses:Taxes:Y2024:US:SocSec                   281.54 USD
  Assets:US:Federal:PreTax401k                   -1200.00 IRAUSD
  Expenses:Taxes:Y2024:US:Federal:PreTax401k      1200.00 IRAUSD
  Assets:US:BayBook:Vacation                            5 VACHR
  Income:US:BayBook:Vacation                           -5 VACHR

2024-02-29 * "BayBook" "Payroll"
  Assets:US:BofA:Checking                         1350.60 USD
  Assets:US:Vanguard:Cash                         1200.00 USD
  Income:US:BayBook:Salary                       -4615.38 USD
  Income:US:BayBook:GroupTermLife                  -24.32 USD
  Expenses:Health:Life:GroupTermLife                24.32 USD
  Expenses:Health:Dental:Insurance                   2.90 USD
  Expenses:Health:Medical:Insurance                 27.38 USD
  Expenses:Health:Vision:Insurance                  42.30 USD
  Expenses:Taxes:Y2024:US:Medicare                 106.62 USD
  Expenses:Taxes:Y2024:US:Federal                 1062.92 USD
  Expenses:Taxes:Y2024:US:State                    365.08 USD
  Expenses:Taxes:Y2024:US:CityNYC                  174.92 USD
  Expenses:Taxes:Y2024:US:SDI                        1.12 USD
  Expenses:Taxes:Y2024:US:SocSec                   281.54 USD
  Assets:US:Federal:PreTax401k                   -1200.00 IRAUSD
  Expenses:Taxes:Y2024:US:Federal:PreTax401k      1200.00 IRAUSD
  Assets:US:BayBook:Vacation                            5 VACHR
  Income:US:BayBook:Vacation                           -5 VACHR

2024-03-14 * "BayBook" "Payroll"
  Assets:US:BofA:Checking                         1350.60 USD
  Assets:US:Vanguard:Cash                         1200.00 USD
  Income:US:BayBook:Salary                       -4615.38 USD
  Income:US:BayBook:GroupTermLife                  -24.32 USD
  Expenses:Health:Life:GroupTermLife                24.32 USD
  Expenses:Health:Dental:Insurance                   2.90 USD
  Expenses:Health:Medical:Insurance                 27.38 USD
  Expenses:Health:Vision:Insurance                  42.30 USD
  Expenses:Taxes:Y2024:US:Medicare                 106.62 USD
  Expenses:Taxes:Y2024:US:Federal                 1062.92 USD
  Expenses:Taxes:Y2024:US:State                    365.08 USD
  Expenses:Taxes:Y2024:US:CityNYC                  174.92 USD
  Expenses:Taxes:Y2024:US:SDI                        1.12 USD
  Expenses:Taxes:Y2024:US:SocSec                   281.54 USD
  Assets:US:Federal:PreTax401k                   -1200.00 IRAUSD
  Expenses:Taxes:Y2024:US:Federal:PreTax401k      1200.00 IRAUSD
  Assets:US:BayBook:Vacation                            5 VACHR
  Income:US:BayBook:Vacation                           -5 VACHR

2024-03-28 * "BayBook" "Payroll"
  Assets:US:BofA:Checking                         1350.60 USD
  Assets:US:Vanguard:Cash                         1200.00 USD
  Income:US:BayBook:Salary                       -4615.38 USD
  Income:US:BayBook:GroupTermLife                  -24.32 USD
  Expenses:Health:Life:GroupTermLife                24.32 USD
  Expenses:Health:Dental:Insurance                   2.90 USD
  Expenses:Health:Medical:Insurance                 27.38 USD
  Expenses:Health:Vision:Insurance                  42.30 USD
  Expenses:Taxes:Y2024:US:Medicare                 106.62 USD
  Expenses:Taxes:Y2024:US:Federal                 1062.92 USD
  Expenses:Taxes:Y2024:US:State                    365.08 USD
  Expenses:Taxes:Y2024:US:CityNYC                  174.92 USD
  Expenses:Taxes:Y2024:US:SDI                        1.12 USD
  Expenses:Taxes:Y2024:US:SocSec                   281.54 USD
  Assets:US:Federal:PreTax401k                   -1200.00 IRAUSD
  Expenses:Taxes:Y2024:US:Federal:PreTax401k      1200.00 IRAUSD
  Assets:US:BayBook:Vacation                            5 VACHR
  Income:US:BayBook:Vacation                           -5 VACHR

2024-04-11 * "BayBook" "Payroll"
  Assets:US:BofA:Checking                         1350.60 USD
  Assets:US:Vanguard:Cash                         1200.00 USD
  Income:US:BayBook:Salary                       -4615.38 USD
  Income:US:BayBook:GroupTermLife                  -24.32 USD
  Expenses:Health:Life:GroupTermLife                24.32 USD
  Expenses:Health:Dental:Insurance                   2.90 USD
  Expenses:Health:Medical:Insurance                 27.38 USD
  Expenses:Health:Vision:Insurance                  42.30 USD
  Expenses:Taxes:Y2024:US:Medicare                 106.62 USD
  Expenses:Taxes:Y2024:US:Federal                 1062.92 USD
  Expenses:Taxes:Y2024:US:State                    365.08 USD
  Expenses:Taxes:Y2024:US:CityNYC                  174.92 USD
  Expenses:Taxes:Y2024:US:SDI                        1.12 USD
  Expenses:Taxes:Y2024:US:SocSec                   281.54 USD
  Assets:US:Federal:PreTax401k                   -1200.00 IRAUSD
  Expenses:Taxes:Y2024:US:Federal:PreTax401k      1200.00 IRAUSD
  Assets:US:BayBook:Vacation                            5 VACHR
  Income:US:BayBook:Vacation                           -5 VACHR

2024-04-25 * "BayBook" "Payroll"
  Assets:US:BofA:Checking                         1350.60 USD
  Assets:US:Vanguard:Cash                         1200.00 USD
  Income:US:BayBook:Salary                       -4615.38 USD
  Income:US:BayBook:GroupTermLife                  -24.32 USD
  Expenses:Health:Life:GroupTermLife                24.32 USD
  Expenses:Health:Dental:Insurance                   2.90 USD
  Expenses:Health:Medical:Insurance                 27.38 USD
  Expenses:Health:Vision:Insurance                  42.30 USD
  Expenses:Taxes:Y2024:US:Medicare                 106.62 USD
  Expenses:Taxes:Y2024:US:Federal                 1062.92 USD
  Expenses:Taxes:Y2024:US:State                    365.08 USD
  Expenses:Taxes:Y2024:US:CityNYC                  174.92 USD
  Expenses:Taxes:Y2024:US:SDI                        1.12 USD
  Expenses:Taxes:Y2024:US:SocSec                   281.54 USD
  Assets:US:Federal:PreTax401k                   -1200.00 IRAUSD
  Expenses:Taxes:Y2024:US:Federal:PreTax401k      1200.00 IRAUSD
  Assets:US:BayBook:Vacation                            5 VACHR
  Income:US:BayBook:Vacation                           -5 VACHR

2024-05-09 * "BayBook" "Payroll"
  Assets:US:BofA:Checking                         1350.60 USD
  Assets:US:Vanguard:Cash                         1200.00 USD
  Income:US:BayBook:Salary                       -4615.38 USD
  Income:US:BayBook:GroupTermLife                  -24.32 USD
  Expenses:Health:Life:GroupTermLife                24.32 USD
  Expenses:Health:Dental:Insurance                   2.90 USD
  Expenses:Health:Medical:Insurance                 27.38 USD
  Expenses:Health:Vision:Insurance                  42.30 USD
  Expenses:Taxes:Y2024:US:Medicare                 106.62 USD
  Expenses:Taxes:Y2024:US:Federal                 1062.92 USD
  Expenses:Taxes:Y2024:US:State                    365.08 USD
  Expenses:Taxes:Y2024:US:CityNYC                  174.92 USD
  Expenses:Taxes:Y2024:US:SDI                        1.12 USD
  Expenses:Taxes:Y2024:US:SocSec                   281.54 USD
  Assets:US:Federal:PreTax401k                   -1200.00 IRAUSD
  Expenses:Taxes:Y2024:US:Federal:PreTax401k      1200.00 IRAUSD
  Assets:US:BayBook:Vacation                            5 VACHR
  Income:US:BayBook:Vacation                           -5 VACHR

2024-05-23 * "BayBook" "Payroll"
  Assets:US:BofA:Checking                         1350.60 USD
  Assets:US:Vanguard:Cash                         1200.00 USD
  Income:US:BayBook:Salary                       -4615.38 USD
  Income:US:BayBook:GroupTermLife                  -24.32 USD
  Expenses:Health:Life:GroupTermLife                24.32 USD
  Expenses:Health:Dental:Insurance                   2.90 USD
  Expenses:Health:Medical:Insurance                 27.38 USD
  Expenses:Health:Vision:Insurance                  42.30 USD
  Expenses:Taxes:Y2024:US:Medicare                 106.62 USD
  Expenses:Taxes:Y2024:US:Federal                 1062.92 USD
  Expenses:Taxes:Y2024:US:State                    365.08 USD
  Expenses:Taxes:Y2024:US:CityNYC                  174.92 USD
  Expenses:Taxes:Y2024:US:SDI                        1.12 USD
  Expenses:Taxes:Y2024:US:SocSec                   281.54 USD
  Assets:US:Federal:PreTax401k                   -1200.00 IRAUSD
  Expenses:Taxes:Y2024:US:Federal:PreTax401k      1200.00 IRAUSD
  Assets:US:BayBook:Vacation                            5 VACHR
  Income:US:BayBook:Vacation                           -5 VACHR

2024-06-06 * "BayBook" "Payroll"
  Assets:US:BofA:Checking                         1350.60 USD
  Assets:US:Vanguard:Cash                         1200.00 USD
  Income:US:BayBook:Salary                       -4615.38 USD
  Income:US:BayBook:GroupTermLife                  -24.32 USD
  Expenses:Health:Life:GroupTermLife                24.32 USD
  Expenses:Health:Dental:Insurance                   2.90 USD
  Expenses:Health:Medical:Insurance                 27.38 USD
  Expenses:Health:Vision:Insurance                  42.30 USD
  Expenses:Taxes:Y2024:US:Medicare                 106.62 USD
  Expenses:Taxes:Y2024:US:Federal                 1062.92 USD
  Expenses:Taxes:Y2024:US:State                    365.08 USD
  Expenses:Taxes:Y2024:US:CityNYC                  174.92 USD
  Expenses:Taxes:Y2024:US:SDI                        1.12 USD
  Expenses:Taxes:Y2024:US:SocSec                   281.54 USD
  Assets:US:Federal:PreTax401k                   -1200.00 IRAUSD
  Expenses:Taxes:Y2024:US:Federal:PreTax401k      1200.00 IRAUSD
  Assets:US:BayBook:Vacation                            5 VACHR
  Income:US:BayBook:Vacation                           -5 VACHR

2024-06-20 * "BayBook" "Payroll"
  Assets:US:BofA:Checking                         1350.60 USD
  Assets:US:Vanguard:Cash                         1200.00 USD
  Income:US:BayBook:Salary                       -4615.38 USD
  Income:US:BayBook:GroupTermLife                  -24.32 USD
  Expenses:Health:Life:GroupTermLife                24.32 USD
  Expenses:Health:Dental:Insurance                   2.90 USD
  Expenses:Health:Medical:Insurance                 27.38 USD
  Expenses:Health:Vision:Insurance                  42.30 USD
  Expenses:Taxes:Y2024:US:Medicare                 106.62 USD
  Expenses:Taxes:Y2024:US:Federal                 1062.92 USD
  Expenses:Taxes:Y2024:US:State                    365.08 USD
  Expenses:Taxes:Y2024:US:CityNYC                  174.92 USD
  Expenses:Taxes:Y2024:US:SDI                        1.12 USD
  Expenses:Taxes:Y2024:US:SocSec                   281.54 USD
  Assets:US:Federal:PreTax401k                   -1200.00 IRAUSD
  Expenses:Taxes:Y2024:US:Federal:PreTax401k      1200.00 IRAUSD
  Assets:US:BayBook:Vacation                            5 VACHR
  Income:US:BayBook:Vacation                           -5 VACHR

2024-07-04 * "BayBook" "Payroll"
  Assets:US:BofA:Checking                         1350.60 USD
  Assets:US:Vanguard:Cash                         1200.00 USD
  Income:US:BayBook:Salary                       -4615.38 USD
  Income:US:BayBook:GroupTermLife                  -24.32 USD
  Expenses:Health:Life:GroupTermLife                24.32 USD
  Expenses:Health:Dental:Insurance                   2.90 USD
  Expenses:Health:Medical:Insurance                 27.38 USD
  Expenses:Health:Vision:Insurance                  42.30 USD
  Expenses:Taxes:Y2024:US:Medicare                 106.62 USD
  Expenses:Taxes:Y2024:US:Federal                 1062.92 USD
  Expenses:Taxes:Y2024:US:State                    365.08 USD
  Expenses:Taxes:Y2024:US:CityNYC                  174.92 USD
  Expenses:Taxes:Y2024:US:SDI                        1.12 USD
  Expenses:Taxes:Y2024:US:SocSec                   281.54 USD
  Assets:US:Federal:PreTax401k                   -1200.00 IRAUSD
  Expenses:Taxes:Y2024:US:Federal:PreTax401k      1200.00 IRAUSD
  Assets:US:BayBook:Vacation                            5 VACHR
  Income:US:BayBook:Vacation                           -5 VACHR

2024-07-18 * "BayBook" "Payroll"
  Assets:US:BofA:Checking                         1350.60 USD
  Assets:US:Vanguard:Cash                         1200.00 USD
  Income:US:BayBook:Salary                       -4615.38 USD
  Income:US:BayBook:GroupTermLife                  -24.32 USD
  Expenses:Health:Life:GroupTermLife                24.32 USD
  Expenses:Health:Dental:Insurance                   2.90 USD
  Expenses:Health:Medical:Insurance                 27.38 USD
  Expenses:Health:Vision:Insurance                  42.30 USD
  Expenses:Taxes:Y2024:US:Medicare                 106.62 USD
  Expenses:Taxes:Y2024:US:Federal                 1062.92 USD
  Expenses:Taxes:Y2024:US:State                    365.08 USD
  Expenses:Taxes:Y2024:US:CityNYC                  174.92 USD
  Expenses:Taxes:Y2024:US:SDI                        1.12 USD
  Expenses:Taxes:Y2024:US:SocSec                   281.54 USD
  Assets:US:Federal:PreTax401k                   -1200.00 IRAUSD
  Expenses:Taxes:Y2024:US:Federal:PreTax401k      1200.00 IRAUSD
  Assets:US:BayBook:Vacation                            5 VACHR
  Income:US:BayBook:Vacation                           -5 VACHR

2024-08-01 * "BayBook" "Payroll"
  Assets:US:BofA:Checking                         2050.60 USD
  Assets:US:Vanguard:Cash                          500.00 USD
  Income:US:BayBook:Salary                       -4615.38 USD
  Income:US:BayBook:GroupTermLife                  -24.32 USD
  Expenses:Health:Life:GroupTermLife                24.32 USD
  Expenses:Health:Dental:Insurance                   2.90 USD
  Expenses:Health:Medical:Insurance                 27.38 USD
  Expenses:Health:Vision:Insurance                  42.30 USD
  Expenses:Taxes:Y2024:US:Medicare                 106.62 USD
  Expenses:Taxes:Y2024:US:Federal                 1062.92 USD
  Expenses:Taxes:Y2024:US:State                    365.08 USD
  Expenses:Taxes:Y2024:US:CityNYC                  174.92 USD
  Expenses:Taxes:Y2024:US:SDI                        1.12 USD
  Expenses:Taxes:Y2024:US:SocSec                   281.54 USD
  Assets:US:Federal:PreTax401k                    -500.00 IRAUSD
  Expenses:Taxes:Y2024:US:Federal:PreTax401k       500.00 IRAUSD
  Assets:US:BayBook:Vacation                            5 VACHR
  Income:US:BayBook:Vacation                           -5 VACHR

2024-08-15 * "BayBook" "Payroll"
  Assets:US:BofA:Checking                         2550.60 USD
  Income:US:BayBook:Salary                       -4615.38 USD
  Income:US:BayBook:GroupTermLife                  -24.32 USD
  Expenses:Health:Life:GroupTermLife                24.32 USD
  Expenses:Health:Dental:Insurance                   2.90 USD
  Expenses:Health:Medical:Insurance                 27.38 USD
  Expenses:Health:Vision:Insurance                  42.30 USD
  Expenses:Taxes:Y2024:US:Medicare                 106.62 USD
  Expenses:Taxes:Y2024:US:Federal                 1062.92 USD
  Expenses:Taxes:Y2024:US:State                    365.08 USD
  Expenses:Taxes:Y2024:US:CityNYC                  174.92 USD
  Expenses:Taxes:Y2024:US:SDI                        1.12 USD
  Expenses:Taxes:Y2024:US:SocSec                   281.54 USD
  Assets:US:Federal:PreTax401k                       0.00 IRAUSD
  Assets:US:BayBook:Vacation                            5 VACHR
  Income:US:BayBook:Vacation                           -5 VACHR

2024-08-29 * "BayBook" "Payroll"
  Assets:US:BofA:Checking                         2550.60 USD
  Income:US:BayBook:Salary                       -4615.38 USD
  Income:US:BayBook:GroupTermLife                  -24.32 USD
  Expenses:Health:Life:GroupTermLife                24.32 USD
  Expenses:Health:Dental:Insurance                   2.90 USD
  Expenses:Health:Medical:Insurance                 27.38 USD
  Expenses:Health:Vision:Insurance                  42.30 USD
  Expenses:Taxes:Y2024:US:Medicare                 106.62 USD
  Expenses:Taxes:Y2024:US:Federal                 1062.92 USD
  Expenses:Taxes:Y2024:US:State                    365.08 USD
  Expenses:Taxes:Y2024:US:CityNYC                  174.92 USD
  Expenses:Taxes:Y2024:US:SDI                        1.12 USD
  Expenses:Taxes:Y2024:US:SocSec                   281.54 USD
  Assets:US:Federal:PreTax401k                       0.00 IRAUSD
  Assets:US:BayBook:Vacation                            5 VACHR
  Income:US:BayBook:Vacation                           -5 VACHR

2024-09-12 * "BayBook" "Payroll"
  Assets:US:BofA:Checking                         2550.60 USD
  Income:US:BayBook:Salary                       -4615.38 USD
  Income:US:BayBook:GroupTermLife                  -24.32 USD
  Expenses:Health:Life:GroupTermLife                24.32 USD
  Expenses:Health:Dental:Insurance                   2.90 USD
  Expenses:Health:Medical:Insurance                 27.38 USD
  Expenses:Health:Vision:Insurance                  42.30 USD
  Expenses:Taxes:Y2024:US:Medicare                 106.62 USD
  Expenses:Taxes:Y2024:US:Federal                 1062.92 USD
  Expenses:Taxes:Y2024:US:State                    365.08 USD
  Expenses:Taxes:Y2024:US:CityNYC                  174.92 USD
  Expenses:Taxes:Y2024:US:SDI                        1.12 USD
  Expenses:Taxes:Y2024:US:SocSec                   281.54 USD
  Assets:US:Federal:PreTax401k                       0.00 IRAUSD
  Assets:US:BayBook:Vacation                            5 VACHR
  Income:US:BayBook:Vacation                           -5 VACHR

2024-09-26 * "BayBook" "Payroll"
  Assets:US:BofA:Checking                         2550.60 USD
  Income:US:BayBook:Salary                       -4615.38 USD
  Income:US:BayBook:GroupTermLife                  -24.32 USD
  Expenses:Health:Life:GroupTermLife                24.32 USD
  Expenses:Health:Dental:Insurance                   2.90 USD
  Expenses:Health:Medical:Insurance                 27.38 USD
  Expenses:Health:Vision:Insurance                  42.30 USD
  Expenses:Taxes:Y2024:US:Medicare                 106.62 USD
  Expenses:Taxes:Y2024:US:Federal                 1062.92 USD
  Expenses:Taxes:Y2024:US:State                    365.08 USD
  Expenses:Taxes:Y2024:US:CityNYC                  174.92 USD
  Expenses:Taxes:Y2024:US:SDI                        1.12 USD
  Expenses:Taxes:Y2024:US:SocSec                   281.54 USD
  Assets:US:Federal:PreTax401k                       0.00 IRAUSD
  Assets:US:BayBook:Vacation                            5 VACHR
  Income:US:BayBook:Vacation                           -5 VACHR

2024-10-10 * "BayBook" "Payroll"
  Assets:US:BofA:Checking                         2550.60 USD
  Income:US:BayBook:Salary                       -4615.38 USD
  Income:US:BayBook:GroupTermLife                  -24.32 USD
  Expenses:Health:Life:GroupTermLife                24.32 USD
  Expenses:Health:Dental:Insurance                   2.90 USD
  Expenses:Health:Medical:Insurance                 27.38 USD
  Expenses:Health:Vision:Insurance                  42.30 USD
  Expenses:Taxes:Y2024:US:Medicare                 106.62 USD
  Expenses:Taxes:Y2024:US:Federal                 1062.92 USD
  Expenses:Taxes:Y2024:US:State                    365.08 USD
  Expenses:Taxes:Y2024:US:CityNYC                  174.92 USD
  Expenses:Taxes:Y2024:US:SDI                        1.12 USD
  Expenses:Taxes:Y2024:US:SocSec                   281.54 USD
  Assets:US:Federal:PreTax401k                       0.00 IRAUSD
  Assets:US:BayBook:Vacation                            5 VACHR
  Income:US:BayBook:Vacation                           -5 VACHR

2024-10-24 * "BayBook" "Payroll"
  Assets:US:BofA:Checking                         2550.60 USD
  Income:US:BayBook:Salary                       -4615.38 USD
  Income:US:BayBook:GroupTermLife                  -24.32 USD
  Expenses:Health:Life:GroupTermLife                24.32 USD
  Expenses:Health:Dental:Insurance                   2.90 USD
  Expenses:Health:Medical:Insurance                 27.38 USD
  Expenses:Health:Vision:Insurance                  42.30 USD
  Expenses:Taxes:Y2024:US:Medicare                 106.62 USD
  Expenses:Taxes:Y2024:US:Federal                 1062.92 USD
  Expenses:Taxes:Y2024:US:State                    365.08 USD
  Expenses:Taxes:Y2024:US:CityNYC                  174.92 USD
  Expenses:Taxes:Y2024:US:SDI                        1.12 USD
  Expenses:Taxes:Y2024:US:SocSec                   281.54 USD
  Assets:US:Federal:PreTax401k                       0.00 IRAUSD
  Assets:US:BayBook:Vacation                            5 VACHR
  Income:US:BayBook:Vacation                           -5 VACHR



* Taxes

1980-05-12 open Income:US:Federal:PreTax401k                    IRAUSD
1980-05-12 open Assets:US:Federal:PreTax401k                    IRAUSD



** Tax Year 2022

2022-01-01 open Expenses:Taxes:Y2022:US:Federal:PreTax401k      IRAUSD
2022-01-01 open Expenses:Taxes:Y2022:US:Medicare                USD
2022-01-01 open Expenses:Taxes:Y2022:US:Federal                 USD
2022-01-01 open Expenses:Taxes:Y2022:US:CityNYC                 USD
2022-01-01 open Expenses:Taxes:Y2022:US:SDI                     USD
2022-01-01 open Expenses:Taxes:Y2022:US:State                   USD
2022-01-01 open Expenses:Taxes:Y2022:US:SocSec                  USD

2022-01-01 balance Assets:US:Federal:PreTax401k         0 IRAUSD

2022-01-01 * "Allowed contributions for one year"
  Income:US:Federal:PreTax401k                     -18500 IRAUSD
  Assets:US:Federal:PreTax401k                      18500 IRAUSD

2023-03-21 * "Filing taxes for 2022"
  Expenses:Taxes:Y2022:US:Federal                  387.58 USD
  Expenses:Taxes:Y2022:US:State                    246.51 USD
  Liabilities:AccountsPayable                     -634.09 USD

2023-03-22 * "STATE TAX & FINANC PYMT"
  Assets:US:BofA:Checking                         -246.51 USD
  Liabilities:AccountsPayable                      246.51 USD

2023-03-23 * "FEDERAL TAXPYMT"
  Assets:US:BofA:Checking                         -387.58 USD
  Liabilities:AccountsPayable                      387.58 USD



** Tax Year 2023

2023-01-01 open Expenses:Taxes:Y2023:US:Federal:PreTax401k      IRAUSD
2023-01-01 open Expenses:Taxes:Y2023:US:Medicare                USD
2023-01-01 open Expenses:Taxes:Y2023:US:Federal                 USD
2023-01-01 open Expenses:Taxes:Y2023:US:CityNYC                 USD
2023-01-01 open Expenses:Taxes:Y2023:US:SDI                     USD
2023-01-01 open Expenses:Taxes:Y2023:US:State                   USD
2023-01-01 open Expenses:Taxes:Y2023:US:SocSec                  USD

2023-01-01 balance Assets:US:Federal:PreTax401k         0 IRAUSD

2023-01-01 * "Allowed contributions for one year"
  Income:US:Federal:PreTax401k                     -18500 IRAUSD
  Assets:US:Federal:PreTax401k                      18500 IRAUSD

2024-03-24 * "Filing taxes for 2023"
  Expenses:Taxes:Y2023:US:Federal                  340.99 USD
  Expenses:Taxes:Y2023:US:State                    320.89 USD
  Liabilities:AccountsPayable                     -661.88 USD

2024-03-25 * "STATE TAX & FINANC PYMT"
  Assets:US:BofA:Checking                         -320.89 USD
  Liabilities:AccountsPayable                      320.89 USD

2024-03-27 * "FEDERAL TAXPYMT"
  Assets:US:BofA:Checking                         -340.99 USD
  Liabilities:AccountsPayable                      340.99 USD



** Tax Year 2024

2024-01-01 open Expenses:Taxes:Y2024:US:Federal:PreTax401k      IRAUSD
2024-01-01 open Expenses:Taxes:Y2024:US:Medicare                USD
2024-01-01 open Expenses:Taxes:Y2024:US:Federal                 USD
2024-01-01 open Expenses:Taxes:Y2024:US:CityNYC                 USD
2024-01-01 open Expenses:Taxes:Y2024:US:SDI                     USD
2024-01-01 open Expenses:Taxes:Y2024:US:State                   USD
2024-01-01 open Expenses:Taxes:Y2024:US:SocSec                  USD

2024-01-01 balance Assets:US:Federal:PreTax401k         0 IRAUSD

2024-01-01 * "Allowed contributions for one year"
  Income:US:Federal:PreTax401k                     -18500 IRAUSD
  Assets:US:Federal:PreTax401k                      18500 IRAUSD



* Expenses

1980-05-12 open Expenses:Food:Groceries
1980-05-12 open Expenses:Food:Restaurant
1980-05-12 open Expenses:Food:Coffee
1980-05-12 open Expenses:Food:Alcohol
1980-05-12 open Expenses:Transport:Tram
1980-05-12 open Expenses:Home:Rent
1980-05-12 open Expenses:Home:Electricity
1980-05-12 open Expenses:Home:Internet
1980-05-12 open Expenses:Home:Phone
1980-05-12 open Expenses:Financial:Fees
1980-05-12 open Expenses:Financial:Commissions



* Prices

2022-01-07 price VBMPX                             149.26 USD
2022-01-07 price RGAGX                              94.32 USD
2022-01-07 price ITOT                               81.97 USD
2022-01-07 price VEA                                95.45 USD
2022-01-07 price VHT                               138.77 USD
2022-01-07 price GLD                               162.46 USD
2022-01-14 price VBMPX                             149.61 USD
2022-01-14 price RGAGX                              93.36 USD
2022-01-14 price ITOT                               80.90 USD
2022-01-14 price VEA                                95.61 USD
2022-01-14 price VHT                               142.12 USD
2022-01-14 price GLD                               165.97 USD
2022-01-21 price VBMPX                             152.27 USD
2022-01-21 price RGAGX                              94.47 USD
2022-01-21 price ITOT                               80.00 USD
2022-01-21 price VEA                                94.84 USD
2022-01-21 price VHT                               142.05 USD
2022-01-21 price GLD                               165.03 USD
2022-01-28 price VBMPX                             152.76 USD
2022-01-28 price RGAGX                              97.52 USD
2022-01-28 price ITOT                               81.02 USD
2022-01-28 price VEA                                94.40 USD
2022-01-28 price VHT                               143.70 USD
2022-01-28 price GLD                               165.90 USD
2022-02-04 price VBMPX                             154.19 USD
2022-02-04 price RGAGX                              98.83 USD
2022-02-04 price ITOT                               79.27 USD
2022-02-04 price VEA                                96.17 USD
2022-02-04 price VHT                               143.91 USD
2022-02-04 price GLD                               164.46 USD
2022-02-11 price VBMPX                             155.19 USD
2022-02-11 price RGAGX                              98.50 USD
2022-02-11 price ITOT                               78.05 USD
2022-02-11 price VEA                                97.37 USD
2022-02-11 price VHT                               143.26 USD
2022-02-11 price GLD                               165.79 USD
2022-02-18 price VBMPX                             153.92 USD
2022-02-18 price RGAGX                              99.71 USD
2022-02-18 price ITOT                               78.52 USD
2022-02-18 price VEA                                96.93 USD
2022-02-18 price VHT                               144.77 USD
2022-02-18 price GLD                               170.21 USD
2022-02-25 price VBMPX                             153.30 USD
2022-02-25 price RGAGX                              99.46 USD
2022-02-25 price ITOT                               77.22 USD
2022-02-25 price VEA                                95.99 USD
2022-02-25 price VHT                               145.95 USD
2022-02-25 price GLD                               168.63 USD
2022-03-04 price VBMPX                             156.08 USD
2022-03-04 price RGAGX                              99.44 USD
2022-03-04 price ITOT                               77.45 USD
2022-03-04 price VEA                                94.83 USD
2022-03-04 price VHT                               144.63 USD
2022-03-04 price GLD                               168.23 USD
2022-03-11 price VBMPX                             156.20 USD
2022-03-11 price RGAGX                             100.33 USD
2022-03-11 price ITOT                               76.99 USD
2022-03-11 price VEA                                95.41 USD
2022-03-11 price VHT                               147.61 USD
2022-03-11 price GLD                               166.23 USD
2022-03-18 price VBMPX                             155.92 USD
2022-03-18 price RGAGX                              96.84 USD
2022-03-18 price ITOT                               76.03 USD
2022-03-18 price VEA                                96.82 USD
2022-03-18 price VHT                               148.74 USD
2022-03-18 price GLD                               166.02 USD
2022-03-25 price VBMPX                             156.48 USD
2022-03-25 price RGAGX                              96.44 USD
2022-03-25 price ITOT                               76.28 USD
2022-03-25 price VEA                                96.10 USD
2022-03-25 price VHT                               146.04 USD
2022-03-25 price GLD                               162.84 USD
2022-04-01 price VBMPX                             156.93 USD
2022-04-01 price RGAGX                              97.67 USD
2022-04-01 price ITOT                               74.87 USD
2022-04-01 price VEA                                96.64 USD
2022-04-01 price VHT                               146.55 USD
2022-04-01 price GLD                               164.48 USD
2022-04-08 price VBMPX                             160.56 USD
2022-04-08 price RGAGX                              98.85 USD
2022-04-08 price ITOT                               74.61 USD
2022-04-08 price VEA                                97.28 USD
2022-04-08 price VHT                               145.22 USD
2022-04-08 price GLD                               168.88 USD
2022-04-15 price VBMPX                             159.92 USD
2022-04-15 price RGAGX                              99.46 USD
2022-04-15 price ITOT                               74.44 USD
2022-04-15 price VEA                                97.70 USD
2022-04-15 price VHT                               143.64 USD
2022-04-15 price GLD                               170.19 USD
2022-04-22 price VBMPX                             159.52 USD
2022-04-22 price RGAGX                              99.49 USD
2022-04-22 price ITOT                               73.22 USD
2022-04-22 price VEA                                96.52 USD
2022-04-22 price VHT                               143.84 USD
2022-04-22 price GLD                               170.69 USD
2022-04-29 price VBMPX                             158.39 USD
2022-04-29 price RGAGX                              99.21 USD
2022-04-29 price ITOT                               74.11 USD
2022-04-29 price VEA                                96.60 USD
2022-04-29 price VHT                               144.89 USD
2022-04-29 price GLD                               172.09 USD
2022-05-06 price VBMPX                             153.67 USD
2022-05-06 price RGAGX                             103.09 USD
2022-05-06 price ITOT                               73.92 USD
2022-05-06 price VEA                                96.68 USD
2022-05-06 price VHT                               146.03 USD
2022-05-06 price GLD                               170.19 USD
2022-05-13 price VBMPX                             157.57 USD
2022-05-13 price RGAGX                             102.80 USD
2022-05-13 price ITOT                               73.98 USD
2022-05-13 price VEA                                97.68 USD
2022-05-13 price VHT                               143.77 USD
2022-05-13 price GLD                               170.07 USD
2022-05-20 price VBMPX                             157.87 USD
2022-05-20 price RGAGX                              99.24 USD
2022-05-20 price ITOT                               73.31 USD
2022-05-20 price VEA                                97.80 USD
2022-05-20 price VHT                               144.90 USD
2022-05-20 price GLD                               169.77 USD
2022-05-27 price VBMPX                             158.70 USD
2022-05-27 price RGAGX                             100.73 USD
2022-05-27 price ITOT                               73.96 USD
2022-05-27 price VEA                                97.41 USD
2022-05-27 price VHT                               142.98 USD
2022-05-27 price GLD                               171.40 USD
2022-06-03 price VBMPX                             162.93 USD
2022-06-03 price RGAGX                             102.93 USD
2022-06-03 price ITOT                               73.46 USD
2022-06-03 price VEA                                96.49 USD
2022-06-03 price VHT                               147.27 USD
2022-06-03 price GLD                               172.15 USD
2022-06-10 price VBMPX                             163.32 USD
2022-06-10 price RGAGX                             101.84 USD
2022-06-10 price ITOT                               73.73 USD
2022-06-10 price VEA                                95.97 USD
2022-06-10 price VHT                               147.67 USD
2022-06-10 price GLD                               170.61 USD
2022-06-17 price VBMPX                             164.81 USD
2022-06-17 price RGAGX                             101.98 USD
2022-06-17 price ITOT                               75.75 USD
2022-06-17 price VEA                                95.06 USD
2022-06-17 price VHT                               146.48 USD
2022-06-17 price GLD                               171.36 USD
2022-06-24 price VBMPX                             162.56 USD
2022-06-24 price RGAGX                             100.49 USD
2022-06-24 price ITOT                               76.85 USD
2022-06-24 price VEA                                94.63 USD
2022-06-24 price VHT                               145.02 USD
2022-06-24 price GLD                               169.93 USD
2022-07-01 price VBMPX                             163.16 USD
2022-07-01 price RGAGX                              98.58 USD
2022-07-01 price ITOT                               76.36 USD
2022-07-01 price VEA                                94.84 USD
2022-07-01 price VHT                               143.86 USD
2022-07-01 price GLD                               164.60 USD
2022-07-08 price VBMPX                             167.63 USD
2022-07-08 price RGAGX                              98.40 USD
2022-07-08 price ITOT                               77.36 USD
2022-07-08 price VEA                                93.75 USD
2022-07-08 price VHT                               145.42 USD
2022-07-08 price GLD                               162.31 USD
2022-07-15 price VBMPX                             166.18 USD
2022-07-15 price RGAGX                              99.23 USD
2022-07-15 price ITOT                               77.22 USD
2022-07-15 price VEA                                95.64 USD
2022-07-15 price VHT                               146.20 USD
2022-07-15 price GLD                               168.76 USD
2022-07-22 price VBMPX                             169.64 USD
2022-07-22 price RGAGX                              97.68 USD
2022-07-22 price ITOT                               77.92 USD
2022-07-22 price VEA                                95.29 USD
2022-07-22 price VHT                               148.49 USD
2022-07-22 price GLD                               169.88 USD
2022-07-29 price VBMPX                             168.89 USD
2022-07-29 price RGAGX                              96.81 USD
2022-07-29 price ITOT                               77.95 USD
2022-07-29 price VEA                                95.92 USD
2022-07-29 price VHT                               148.89 USD
2022-07-29 price GLD                               171.35 USD
2022-08-05 price VBMPX                             169.03 USD
2022-08-05 price RGAGX                              94.63 USD
2022-08-05 price ITOT                               79.50 USD
2022-08-05 price VEA                                96.06 USD
2022-08-05 price VHT                               146.34 USD
2022-08-05 price GLD                               171.76 USD
2022-08-12 price VBMPX                             168.08 USD
2022-08-12 price RGAGX                              96.46 USD
2022-08-12 price ITOT                               79.82 USD
2022-08-12 price VEA                                96.14 USD
2022-08-12 price VHT                               144.47 USD
2022-08-12 price GLD                               168.18 USD
2022-08-19 price VBMPX                             168.47 USD
2022-08-19 price RGAGX                              92.57 USD
2022-08-19 price ITOT                               80.27 USD
2022-08-19 price VEA                                95.40 USD
2022-08-19 price VHT                               143.51 USD
2022-08-19 price GLD                               168.63 USD
2022-08-26 price VBMPX                             171.70 USD
2022-08-26 price RGAGX                              93.10 USD
2022-08-26 price ITOT                               81.28 USD
2022-08-26 price VEA                                94.76 USD
2022-08-26 price VHT                               145.69 USD
2022-08-26 price GLD                               168.21 USD
2022-09-02 price VBMPX                             172.53 USD
2022-09-02 price RGAGX                              95.45 USD
2022-09-02 price ITOT                               79.60 USD
2022-09-02 price VEA                                94.02 USD
2022-09-02 price VHT                               147.44 USD
2022-09-02 price GLD                               165.52 USD
2022-09-09 price VBMPX                             173.58 USD
2022-09-09 price RGAGX                              97.37 USD
2022-09-09 price ITOT                               81.41 USD
2022-09-09 price VEA                                94.60 USD
2022-09-09 price VHT                               149.95 USD
2022-09-09 price GLD                               164.53 USD
2022-09-16 price VBMPX                             170.52 USD
2022-09-16 price RGAGX                              94.29 USD
2022-09-16 price ITOT                               80.55 USD
2022-09-16 price VEA                                94.53 USD
2022-09-16 price VHT                               149.98 USD
2022-09-16 price GLD                               162.80 USD
2022-09-23 price VBMPX                             171.92 USD
2022-09-23 price RGAGX                              93.08 USD
2022-09-23 price ITOT                               79.83 USD
2022-09-23 price VEA                                94.67 USD
2022-09-23 price VHT                               150.93 USD
2022-09-23 price GLD                               162.31 USD
2022-09-30 price VBMPX                             167.48 USD
2022-09-30 price RGAGX                              91.28 USD
2022-09-30 price ITOT                               80.12 USD
2022-09-30 price VEA                                93.17 USD
2022-09-30 price VHT                               152.31 USD
2022-09-30 price GLD                               162.52 USD
2022-10-07 price VBMPX                             166.89 USD
2022-10-07 price RGAGX                              91.55 USD
2022-10-07 price ITOT                               81.61 USD
2022-10-07 price VEA                                93.64 USD
2022-10-07 price VHT                               152.48 USD
2022-10-07 price GLD                               164.71 USD
2022-10-14 price VBMPX                             167.38 USD
2022-10-14 price RGAGX                              94.50 USD
2022-10-14 price ITOT                               81.51 USD
2022-10-14 price VEA                                94.68 USD
2022-10-14 price VHT                               150.98 USD
2022-10-14 price GLD                               165.06 USD
2022-10-21 price VBMPX                             170.51 USD
2022-10-21 price RGAGX                              94.10 USD
2022-10-21 price ITOT                               81.77 USD
2022-10-21 price VEA                                94.53 USD
2022-10-21 price VHT                               152.57 USD
2022-10-21 price GLD                               167.36 USD
2022-10-28 price VBMPX                             171.48 USD
2022-10-28 price RGAGX                              95.99 USD
2022-10-28 price ITOT                               82.57 USD
2022-10-28 price VEA                                95.23 USD
2022-10-28 price VHT                               154.31 USD
2022-10-28 price GLD                               164.05 USD
2022-11-04 price VBMPX                             171.55 USD
2022-11-04 price RGAGX                              97.95 USD
2022-11-04 price ITOT                               83.62 USD
2022-11-04 price VEA                                94.27 USD
2022-11-04 price VHT                               154.26 USD
2022-11-04 price GLD                               166.20 USD
2022-11-11 price VBMPX                             169.63 USD
2022-11-11 price RGAGX                              97.87 USD
2022-11-11 price ITOT                               84.47 USD
2022-11-11 price VEA                                95.10 USD
2022-11-11 price VHT                               155.34 USD
2022-11-11 price GLD                               169.20 USD
2022-11-18 price VBMPX                             173.26 USD
2022-11-18 price RGAGX                              98.35 USD
2022-11-18 price ITOT                               84.17 USD
2022-11-18 price VEA                                95.53 USD
2022-11-18 price VHT                               154.86 USD
2022-11-18 price GLD                               171.18 USD
2022-11-25 price VBMPX                             174.91 USD
2022-11-25 price RGAGX                              99.46 USD
2022-11-25 price ITOT                               85.74 USD
2022-11-25 price VEA                                94.26 USD
2022-11-25 price VHT                               155.61 USD
2022-11-25 price GLD                               173.36 USD
2022-12-02 price VBMPX                             172.92 USD
2022-12-02 price RGAGX                             100.73 USD
2022-12-02 price ITOT                               84.52 USD
2022-12-02 price VEA                                93.84 USD
2022-12-02 price VHT                               155.14 USD
2022-12-02 price GLD                               178.60 USD
2022-12-09 price VBMPX                             173.70 USD
2022-12-09 price RGAGX                              99.08 USD
2022-12-09 price ITOT                               86.46 USD
2022-12-09 price VEA                                93.47 USD
2022-12-09 price VHT                               154.66 USD
2022-12-09 price GLD                               179.39 USD
2022-12-16 price VBMPX                             177.62 USD
2022-12-16 price RGAGX                             100.36 USD
2022-12-16 price ITOT                               87.51 USD
2022-12-16 price VEA                                93.23 USD
2022-12-16 price VHT                               153.51 USD
2022-12-16 price GLD                               180.29 USD
2022-12-23 price VBMPX                             178.78 USD
2022-12-23 price RGAGX                             101.66 USD
2022-12-23 price ITOT                               86.91 USD
2022-12-23 price VEA                                93.90 USD
2022-12-23 price VHT                               154.84 USD
2022-12-23 price GLD                               182.39 USD
2022-12-30 price VBMPX                             182.61 USD
2022-12-30 price RGAGX                              98.09 USD
2022-12-30 price ITOT                               86.93 USD
2022-12-30 price VEA                                94.65 USD
2022-12-30 price VHT                               154.31 USD
2022-12-30 price GLD                               179.95 USD
2023-01-06 price VBMPX                             181.56 USD
2023-01-06 price RGAGX                              98.68 USD
2023-01-06 price ITOT                               85.82 USD
2023-01-06 price VEA                                95.26 USD
2023-01-06 price VHT                               151.88 USD
2023-01-06 price GLD                               186.88 USD
2023-01-13 price VBMPX                             181.20 USD
2023-01-13 price RGAGX                              96.95 USD
2023-01-13 price ITOT                               85.41 USD
2023-01-13 price VEA                                95.51 USD
2023-01-13 price VHT                               152.26 USD
2023-01-13 price GLD                               186.65 USD
2023-01-20 price VBMPX                             182.70 USD
2023-01-20 price RGAGX                              98.39 USD
2023-01-20 price ITOT                               86.20 USD
2023-01-20 price VEA                                94.37 USD
2023-01-20 price VHT                               151.78 USD
2023-01-20 price GLD                               184.48 USD
2023-01-27 price VBMPX                             184.83 USD
2023-01-27 price RGAGX                              97.21 USD
2023-01-27 price ITOT                               88.57 USD
2023-01-27 price VEA                                94.01 USD
2023-01-27 price VHT                               149.70 USD
2023-01-27 price GLD                               182.46 USD
2023-02-03 price VBMPX                             183.06 USD
2023-02-03 price RGAGX                              95.05 USD
2023-02-03 price ITOT                               89.80 USD
2023-02-03 price VEA                                93.91 USD
2023-02-03 price VHT                               150.11 USD
2023-02-03 price GLD                               183.94 USD
2023-02-10 price VBMPX                             187.57 USD
2023-02-10 price RGAGX                              97.06 USD
2023-02-10 price ITOT                               91.05 USD
2023-02-10 price VEA                                92.98 USD
2023-02-10 price VHT                               152.21 USD
2023-02-10 price GLD                               182.72 USD
2023-02-17 price VBMPX                             184.33 USD
2023-02-17 price RGAGX                              97.63 USD
2023-02-17 price ITOT                               92.79 USD
2023-02-17 price VEA                                93.30 USD
2023-02-17 price VHT                               151.43 USD
2023-02-17 price GLD                               184.57 USD
2023-02-24 price VBMPX                             180.78 USD
2023-02-24 price RGAGX                              96.90 USD
2023-02-24 price ITOT                               90.84 USD
2023-02-24 price VEA                                92.63 USD
2023-02-24 price VHT                               152.06 USD
2023-02-24 price GLD                               181.26 USD
2023-03-03 price VBMPX                             178.58 USD
2023-03-03 price RGAGX                              93.96 USD
2023-03-03 price ITOT                               90.65 USD
2023-03-03 price VEA                                92.68 USD
2023-03-03 price VHT                               152.49 USD
2023-03-03 price GLD                               176.79 USD
2023-03-10 price VBMPX                             178.17 USD
2023-03-10 price RGAGX                              93.06 USD
2023-03-10 price ITOT                               91.46 USD
2023-03-10 price VEA                                92.54 USD
2023-03-10 price VHT                               153.24 USD
2023-03-10 price GLD                               175.44 USD
2023-03-17 price VBMPX                             178.51 USD
2023-03-17 price RGAGX                              94.79 USD
2023-03-17 price ITOT                               89.67 USD
2023-03-17 price VEA                                93.61 USD
2023-03-17 price VHT                               153.62 USD
2023-03-17 price GLD                               173.31 USD
2023-03-24 price VBMPX                             177.47 USD
2023-03-24 price RGAGX                              98.01 USD
2023-03-24 price ITOT                               87.94 USD
2023-03-24 price VEA                                93.05 USD
2023-03-24 price VHT                               152.60 USD
2023-03-24 price GLD                               172.00 USD
2023-03-31 price VBMPX                             179.68 USD
2023-03-31 price RGAGX                              96.15 USD
2023-03-31 price ITOT                               87.27 USD
2023-03-31 price VEA                                93.17 USD
2023-03-31 price VHT                               152.64 USD
2023-03-31 price GLD                               174.09 USD
2023-04-07 price VBMPX                             179.58 USD
2023-04-07 price RGAGX                             100.65 USD
2023-04-07 price ITOT                               87.94 USD
2023-04-07 price VEA                                92.71 USD
2023-04-07 price VHT                               154.30 USD
2023-04-07 price GLD                               174.92 USD
2023-04-14 price VBMPX                             179.06 USD
2023-04-14 price RGAGX                             106.22 USD
2023-04-14 price ITOT                               88.33 USD
2023-04-14 price VEA                                91.95 USD
2023-04-14 price VHT                               157.21 USD
2023-04-14 price GLD                               175.79 USD
2023-04-21 price VBMPX                             175.53 USD
2023-04-21 price RGAGX                             105.26 USD
2023-04-21 price ITOT                               87.31 USD
2023-04-21 price VEA                                92.36 USD
2023-04-21 price VHT                               155.99 USD
2023-04-21 price GLD                               173.38 USD
2023-04-28 price VBMPX                             178.10 USD
2023-04-28 price RGAGX                             105.28 USD
2023-04-28 price ITOT                               88.28 USD
2023-04-28 price VEA                                90.76 USD
2023-04-28 price VHT                               154.44 USD
2023-04-28 price GLD                               170.42 USD
2023-05-05 price VBMPX                             177.20 USD
2023-05-05 price RGAGX                             105.29 USD
2023-05-05 price ITOT                               87.90 USD
2023-05-05 price VEA                                91.17 USD
2023-05-05 price VHT                               157.08 USD
2023-05-05 price GLD                               170.62 USD
2023-05-12 price VBMPX                             179.89 USD
2023-05-12 price RGAGX                             105.57 USD
2023-05-12 price ITOT                               87.02 USD
2023-05-12 price VEA                                92.67 USD
2023-05-12 price VHT                               156.16 USD
2023-05-12 price GLD                               171.54 USD
2023-05-19 price VBMPX                             177.58 USD
2023-05-19 price RGAGX                             102.33 USD
2023-05-19 price ITOT                               87.29 USD
2023-05-19 price VEA                                92.14 USD
2023-05-19 price VHT                               157.23 USD
2023-05-19 price GLD                               167.20 USD
2023-05-26 price VBMPX                             181.10 USD
2023-05-26 price RGAGX                             101.67 USD
2023-05-26 price ITOT                               88.25 USD
2023-05-26 price VEA                                94.00 USD
2023-05-26 price VHT                               158.98 USD
2023-05-26 price GLD                               167.83 USD
2023-06-02 price VBMPX                             180.17 USD
2023-06-02 price RGAGX                             103.68 USD
2023-06-02 price ITOT                               89.33 USD
2023-06-02 price VEA                                93.18 USD
2023-06-02 price VHT                               159.21 USD
2023-06-02 price GLD                               165.26 USD
2023-06-09 price VBMPX                             183.29 USD
2023-06-09 price RGAGX                             105.22 USD
2023-06-09 price ITOT                               89.45 USD
2023-06-09 price VEA                                93.51 USD
2023-06-09 price VHT                               159.53 USD
2023-06-09 price GLD                               167.55 USD
2023-06-16 price VBMPX                             185.48 USD
2023-06-16 price RGAGX                             107.21 USD
2023-06-16 price ITOT                               90.99 USD
2023-06-16 price VEA                                94.58 USD
2023-06-16 price VHT                               159.33 USD
2023-06-16 price GLD                               168.46 USD
2023-06-23 price VBMPX                             187.55 USD
2023-06-23 price RGAGX                             106.87 USD
2023-06-23 price ITOT                               91.82 USD
2023-06-23 price VEA                                94.58 USD
2023-06-23 price VHT                               159.51 USD
2023-06-23 price GLD                               169.75 USD
2023-06-30 price VBMPX                             188.85 USD
2023-06-30 price RGAGX                             113.14 USD
2023-06-30 price ITOT                               91.19 USD
2023-06-30 price VEA                                94.90 USD
2023-06-30 price VHT                               158.34 USD
2023-06-30 price GLD                               171.61 USD
2023-07-07 price VBMPX                             193.58 USD
2023-07-07 price RGAGX                             113.32 USD
2023-07-07 price ITOT                               88.95 USD
2023-07-07 price VEA                                94.03 USD
2023-07-07 price VHT                               160.61 USD
2023-07-07 price GLD                               170.89 USD
2023-07-14 price VBMPX                             196.15 USD
2023-07-14 price RGAGX                             112.95 USD
2023-07-14 price ITOT                               89.88 USD
2023-07-14 price VEA                                93.98 USD
2023-07-14 price VHT                               162.98 USD
2023-07-14 price GLD                               172.31 USD
2023-07-21 price VBMPX                             203.42 USD
2023-07-21 price RGAGX                             116.61 USD
2023-07-21 price ITOT                               90.61 USD
2023-07-21 price VEA                                95.50 USD
2023-07-21 price VHT                               163.24 USD
2023-07-21 price GLD                               172.55 USD
2023-07-28 price VBMPX                             201.91 USD
2023-07-28 price RGAGX                             115.40 USD
2023-07-28 price ITOT                               91.88 USD
2023-07-28 price VEA                                95.12 USD
2023-07-28 price VHT                               163.56 USD
2023-07-28 price GLD                               170.90 USD
2023-08-04 price VBMPX                             203.96 USD
2023-08-04 price RGAGX                             114.13 USD
2023-08-04 price ITOT                               92.74 USD
2023-08-04 price VEA                                94.97 USD
2023-08-04 price VHT                               163.95 USD
2023-08-04 price GLD                               172.37 USD
2023-08-11 price VBMPX                             200.32 USD
2023-08-11 price RGAGX                             114.62 USD
2023-08-11 price ITOT                               91.56 USD
2023-08-11 price VEA                                94.75 USD
2023-08-11 price VHT                               162.15 USD
2023-08-11 price GLD                               176.53 USD
2023-08-18 price VBMPX                             197.77 USD
2023-08-18 price RGAGX                             116.35 USD
2023-08-18 price ITOT                               88.25 USD
2023-08-18 price VEA                                94.38 USD
2023-08-18 price VHT                               162.84 USD
2023-08-18 price GLD                               181.12 USD
2023-08-25 price VBMPX                             198.66 USD
2023-08-25 price RGAGX                             113.94 USD
2023-08-25 price ITOT                               89.40 USD
2023-08-25 price VEA                                93.33 USD
2023-08-25 price VHT                               164.01 USD
2023-08-25 price GLD                               179.94 USD
2023-09-01 price VBMPX                             195.98 USD
2023-09-01 price RGAGX                             114.79 USD
2023-09-01 price ITOT                               87.99 USD
2023-09-01 price VEA                                94.23 USD
2023-09-01 price VHT                               162.83 USD
2023-09-01 price GLD                               178.29 USD
2023-09-08 price VBMPX                             194.34 USD
2023-09-08 price RGAGX                             116.30 USD
2023-09-08 price ITOT                               88.24 USD
2023-09-08 price VEA                                93.76 USD
2023-09-08 price VHT                               166.13 USD
2023-09-08 price GLD                               175.23 USD
2023-09-15 price VBMPX                             196.01 USD
2023-09-15 price RGAGX                             113.96 USD
2023-09-15 price ITOT                               87.05 USD
2023-09-15 price VEA                                92.38 USD
2023-09-15 price VHT                               165.47 USD
2023-09-15 price GLD                               178.58 USD
2023-09-22 price VBMPX                             199.62 USD
2023-09-22 price RGAGX                             113.15 USD
2023-09-22 price ITOT                               88.66 USD
2023-09-22 price VEA                                92.72 USD
2023-09-22 price VHT                               164.36 USD
2023-09-22 price GLD                               180.95 USD
2023-09-29 price VBMPX                             204.00 USD
2023-09-29 price RGAGX                             114.92 USD
2023-09-29 price ITOT                               89.76 USD
2023-09-29 price VEA                                92.61 USD
2023-09-29 price VHT                               164.62 USD
2023-09-29 price GLD                               183.48 USD
2023-10-06 price VBMPX                             208.39 USD
2023-10-06 price RGAGX                             113.72 USD
2023-10-06 price ITOT                               89.92 USD
2023-10-06 price VEA                                92.91 USD
2023-10-06 price VHT                               163.71 USD
2023-10-06 price GLD                               181.82 USD
2023-10-13 price VBMPX                             206.34 USD
2023-10-13 price RGAGX                             116.12 USD
2023-10-13 price ITOT                               89.46 USD
2023-10-13 price VEA                                90.75 USD
2023-10-13 price VHT                               164.02 USD
2023-10-13 price GLD                               178.51 USD
2023-10-20 price VBMPX                             206.48 USD
2023-10-20 price RGAGX                             116.97 USD
2023-10-20 price ITOT                               88.19 USD
2023-10-20 price VEA                                89.35 USD
2023-10-20 price VHT                               162.96 USD
2023-10-20 price GLD                               179.27 USD
2023-10-27 price VBMPX                             202.93 USD
2023-10-27 price RGAGX                             119.64 USD
2023-10-27 price ITOT                               90.11 USD
2023-10-27 price VEA                                87.80 USD
2023-10-27 price VHT                               163.85 USD
2023-10-27 price GLD                               184.53 USD
2023-11-03 price VBMPX                             203.89 USD
2023-11-03 price RGAGX                             114.92 USD
2023-11-03 price ITOT                               88.41 USD
2023-11-03 price VEA                                87.51 USD
2023-11-03 price VHT                               165.67 USD
2023-11-03 price GLD                               184.54 USD
2023-11-10 price VBMPX                             205.07 USD
2023-11-10 price RGAGX                             117.98 USD
2023-11-10 price ITOT                               87.40 USD
2023-11-10 price VEA                                87.51 USD
2023-11-10 price VHT                               166.02 USD
2023-11-10 price GLD                               184.89 USD
2023-11-17 price VBMPX                             206.93 USD
2023-11-17 price RGAGX                             118.40 USD
2023-11-17 price ITOT                               88.14 USD
2023-11-17 price VEA                                87.29 USD
2023-11-17 price VHT                               166.65 USD
2023-11-17 price GLD                               182.56 USD
2023-11-24 price VBMPX                             210.41 USD
2023-11-24 price RGAGX                             120.16 USD
2023-11-24 price ITOT                               87.28 USD
2023-11-24 price VEA                                87.08 USD
2023-11-24 price VHT                               167.09 USD
2023-11-24 price GLD                               186.00 USD
2023-12-01 price VBMPX                             210.59 USD
2023-12-01 price RGAGX                             119.93 USD
2023-12-01 price ITOT                               87.69 USD
2023-12-01 price VEA                                86.92 USD
2023-12-01 price VHT                               167.84 USD
2023-12-01 price GLD                               181.63 USD
2023-12-08 price VBMPX                             207.57 USD
2023-12-08 price RGAGX                             120.88 USD
2023-12-08 price ITOT                               87.02 USD
2023-12-08 price VEA                                87.26 USD
2023-12-08 price VHT                               165.79 USD
2023-12-08 price GLD                               179.79 USD
2023-12-15 price VBMPX                             209.14 USD
2023-12-15 price RGAGX                             125.11 USD
2023-12-15 price ITOT                               85.41 USD
2023-12-15 price VEA                                86.53 USD
2023-12-15 price VHT                               165.80 USD
2023-12-15 price GLD                               178.42 USD
2023-12-22 price VBMPX                             206.31 USD
2023-12-22 price RGAGX                             123.74 USD
2023-12-22 price ITOT                               86.19 USD
2023-12-22 price VEA                                87.57 USD
2023-12-22 price VHT                               166.81 USD
2023-12-22 price GLD                               177.65 USD
2023-12-29 price VBMPX                             206.17 USD
2023-12-29 price RGAGX                             124.93 USD
2023-12-29 price ITOT                               86.79 USD
2023-12-29 price VEA                                87.17 USD
2023-12-29 price VHT                               167.25 USD
2023-12-29 price GLD                               177.21 USD
2024-01-05 price VBMPX                             208.41 USD
2024-01-05 price RGAGX                             129.92 USD
2024-01-05 price ITOT                               85.88 USD
2024-01-05 price VEA                                87.74 USD
2024-01-05 price VHT                               168.17 USD
2024-01-05 price GLD                               180.79 USD
2024-01-12 price VBMPX                             210.41 USD
2024-01-12 price RGAGX                             135.11 USD
2024-01-12 price ITOT                               85.86 USD
2024-01-12 price VEA                                86.82 USD
2024-01-12 price VHT                               167.66 USD
2024-01-12 price GLD                               179.40 USD
2024-01-19 price VBMPX                             212.96 USD
2024-01-19 price RGAGX                             129.70 USD
2024-01-19 price ITOT                               83.85 USD
2024-01-19 price VEA                                86.80 USD
2024-01-19 price VHT                               167.70 USD
2024-01-19 price GLD                               179.50 USD
2024-01-26 price VBMPX                             215.54 USD
2024-01-26 price RGAGX                             125.16 USD
2024-01-26 price ITOT                               84.99 USD
2024-01-26 price VEA                                88.40 USD
2024-01-26 price VHT                               167.73 USD
2024-01-26 price GLD                               182.19 USD
2024-02-02 price VBMPX                             213.69 USD
2024-02-02 price RGAGX                             119.44 USD
2024-02-02 price ITOT                               86.29 USD
2024-02-02 price VEA                                87.84 USD
2024-02-02 price VHT                               169.46 USD
2024-02-02 price GLD                               178.20 USD
2024-02-09 price VBMPX                             213.33 USD
2024-02-09 price RGAGX                             116.55 USD
2024-02-09 price ITOT                               85.89 USD
2024-02-09 price VEA                                88.16 USD
2024-02-09 price VHT                               168.80 USD
2024-02-09 price GLD                               175.96 USD
2024-02-16 price VBMPX                             219.63 USD
2024-02-16 price RGAGX                             120.57 USD
2024-02-16 price ITOT                               84.57 USD
2024-02-16 price VEA                                88.27 USD
2024-02-16 price VHT                               171.71 USD
2024-02-16 price GLD                               174.38 USD
2024-02-23 price VBMPX                             216.45 USD
2024-02-23 price RGAGX                             119.56 USD
2024-02-23 price ITOT                               84.28 USD
2024-02-23 price VEA                                90.16 USD
2024-02-23 price VHT                               171.39 USD
2024-02-23 price GLD                               170.78 USD
2024-03-01 price VBMPX                             215.20 USD
2024-03-01 price RGAGX                             122.74 USD
2024-03-01 price ITOT                               84.32 USD
2024-03-01 price VEA                                91.11 USD
2024-03-01 price VHT                               170.97 USD
2024-03-01 price GLD                               173.45 USD
2024-03-08 price VBMPX                             212.08 USD
2024-03-08 price RGAGX                             120.25 USD
2024-03-08 price ITOT                               85.40 USD
2024-03-08 price VEA                                90.29 USD
2024-03-08 price VHT                               169.93 USD
2024-03-08 price GLD                               170.26 USD
2024-03-15 price VBMPX                             215.52 USD
2024-03-15 price RGAGX                             122.86 USD
2024-03-15 price ITOT                               84.36 USD
2024-03-15 price VEA                                90.79 USD
2024-03-15 price VHT                               169.09 USD
2024-03-15 price GLD                               162.08 USD
2024-03-22 price VBMPX                             217.30 USD
2024-03-22 price RGAGX                             121.55 USD
2024-03-22 price ITOT                               85.28 USD
2024-03-22 price VEA                                91.73 USD
2024-03-22 price VHT                               170.12 USD
2024-03-22 price GLD                               156.58 USD
2024-03-29 price VBMPX                             219.79 USD
2024-03-29 price RGAGX                             119.35 USD
2024-03-29 price ITOT                               85.03 USD
2024-03-29 price VEA                                91.58 USD
2024-03-29 price VHT                               169.34 USD
2024-03-29 price GLD                               159.77 USD
2024-04-05 price VBMPX                             219.17 USD
2024-04-05 price RGAGX                             118.43 USD
2024-04-05 price ITOT                               84.46 USD
2024-04-05 price VEA                                92.14 USD
2024-04-05 price VHT                               169.76 USD
2024-04-05 price GLD                               158.44 USD
2024-04-12 price VBMPX                             218.97 USD
2024-04-12 price RGAGX                             120.15 USD
2024-04-12 price ITOT                               85.85 USD
2024-04-12 price VEA                                92.06 USD
2024-04-12 price VHT                               170.78 USD
2024-04-12 price GLD                               159.88 USD
2024-04-19 price VBMPX                             216.14 USD
2024-04-19 price RGAGX                             121.21 USD
2024-04-19 price ITOT                               84.99 USD
2024-04-19 price VEA                                92.04 USD
2024-04-19 price VHT                               169.01 USD
2024-04-19 price GLD                               160.62 USD
2024-04-26 price VBMPX                             219.46 USD
2024-04-26 price RGAGX                             121.54 USD
2024-04-26 price ITOT                               84.98 USD
2024-04-26 price VEA                                91.86 USD
2024-04-26 price VHT                               168.40 USD
2024-04-26 price GLD                               159.68 USD
2024-05-03 price VBMPX                             218.96 USD
2024-05-03 price RGAGX                             126.27 USD
2024-05-03 price ITOT                               83.03 USD
2024-05-03 price VEA                                91.03 USD
2024-05-03 price VHT                               169.97 USD
2024-05-03 price GLD                               163.87 USD
2024-05-10 price VBMPX                             221.07 USD
2024-05-10 price RGAGX                             124.49 USD
2024-05-10 price ITOT                               81.95 USD
2024-05-10 price VEA                                90.54 USD
2024-05-10 price VHT                               171.56 USD
2024-05-10 price GLD                               164.04 USD
2024-05-17 price VBMPX                             227.38 USD
2024-05-17 price RGAGX                             122.16 USD
2024-05-17 price ITOT                               80.87 USD
2024-05-17 price VEA                                91.40 USD
2024-05-17 price VHT                               171.19 USD
2024-05-17 price GLD                               164.50 USD
2024-05-24 price VBMPX                             227.30 USD
2024-05-24 price RGAGX                             123.45 USD
2024-05-24 price ITOT                               81.64 USD
2024-05-24 price VEA                                91.48 USD
2024-05-24 price VHT                               168.58 USD
2024-05-24 price GLD                               165.13 USD
2024-05-31 price VBMPX                             232.02 USD
2024-05-31 price RGAGX                             123.57 USD
2024-05-31 price ITOT                               82.06 USD
2024-05-31 price VEA                                92.97 USD
2024-05-31 price VHT                               168.26 USD
2024-05-31 price GLD                               163.70 USD
2024-06-07 price VBMPX                             236.05 USD
2024-06-07 price RGAGX                             122.84 USD
2024-06-07 price ITOT                               82.19 USD
2024-06-07 price VEA                                93.51 USD
2024-06-07 price VHT                               167.82 USD
2024-06-07 price GLD                               165.04 USD
2024-06-14 price VBMPX                             238.13 USD
2024-06-14 price RGAGX                             125.69 USD
2024-06-14 price ITOT                               81.56 USD
2024-06-14 price VEA                                94.05 USD
2024-06-14 price VHT                               167.41 USD
2024-06-14 price GLD                               167.95 USD
2024-06-21 price VBMPX                             235.52 USD
2024-06-21 price RGAGX                             124.41 USD
2024-06-21 price ITOT                               81.69 USD
2024-06-21 price VEA                                94.52 USD
2024-06-21 price VHT                               167.61 USD
2024-06-21 price GLD                               167.79 USD
2024-06-28 price VBMPX                             231.97 USD
2024-06-28 price RGAGX                             127.86 USD
2024-06-28 price ITOT                               82.41 USD
2024-06-28 price VEA                                94.33 USD
2024-06-28 price VHT                               170.40 USD
2024-06-28 price GLD                               168.02 USD
2024-07-05 price VBMPX                             224.49 USD
2024-07-05 price RGAGX                             122.26 USD
2024-07-05 price ITOT                               83.09 USD
2024-07-05 price VEA                                94.29 USD
2024-07-05 price VHT                               169.26 USD
2024-07-05 price GLD                               165.05 USD
2024-07-12 price VBMPX                             224.54 USD
2024-07-12 price RGAGX                             125.00 USD
2024-07-12 price ITOT                               83.75 USD
2024-07-12 price VEA                                94.79 USD
2024-07-12 price VHT                               168.86 USD
2024-07-12 price GLD                               167.27 USD
2024-07-19 price VBMPX                             229.47 USD
2024-07-19 price RGAGX                             127.24 USD
2024-07-19 price ITOT                               82.34 USD
2024-07-19 price VEA                                95.64 USD
2024-07-19 price VHT                               167.15 USD
2024-07-19 price GLD                               167.25 USD
2024-07-26 price VBMPX                             230.45 USD
2024-07-26 price RGAGX                             131.22 USD
2024-07-26 price ITOT                               83.53 USD
2024-07-26 price VEA                                96.98 USD
2024-07-26 price VHT                               167.65 USD
2024-07-26 price GLD                               168.28 USD
2024-08-02 price VBMPX                             229.40 USD
2024-08-02 price RGAGX                             132.96 USD
2024-08-02 price ITOT                               85.27 USD
2024-08-02 price VEA                                97.35 USD
2024-08-02 price VHT                               166.82 USD
2024-08-02 price GLD                               166.88 USD
2024-08-09 price VBMPX                             229.65 USD
2024-08-09 price RGAGX                             137.83 USD
2024-08-09 price ITOT                               83.66 USD
2024-08-09 price VEA                                96.45 USD
2024-08-09 price VHT                               167.88 USD
2024-08-09 price GLD                               169.71 USD
2024-08-16 price VBMPX                             231.97 USD
2024-08-16 price RGAGX                             141.05 USD
2024-08-16 price ITOT                               85.35 USD
2024-08-16 price VEA                                96.09 USD
2024-08-16 price VHT                               169.58 USD
2024-08-16 price GLD                               170.78 USD
2024-08-23 price VBMPX                             233.86 USD
2024-08-23 price RGAGX                             141.65 USD
2024-08-23 price ITOT                               86.92 USD
2024-08-23 price VEA                                96.66 USD
2024-08-23 price VHT                               169.66 USD
2024-08-23 price GLD                               170.35 USD
2024-08-30 price VBMPX                             238.01 USD
2024-08-30 price RGAGX                             143.40 USD
2024-08-30 price ITOT                               86.08 USD
2024-08-30 price VEA                                96.19 USD
2024-08-30 price VHT                               171.26 USD
2024-08-30 price GLD                               171.95 USD
2024-09-06 price VBMPX                             238.24 USD
2024-09-06 price RGAGX                             141.33 USD
2024-09-06 price ITOT                               86.06 USD
2024-09-06 price VEA                                96.48 USD
2024-09-06 price VHT                               172.16 USD
2024-09-06 price GLD                               172.15 USD
2024-09-13 price VBMPX                             238.01 USD
2024-09-13 price RGAGX                             141.91 USD
2024-09-13 price ITOT                               85.46 USD
2024-09-13 price VEA                                96.77 USD
2024-09-13 price VHT                               169.04 USD
2024-09-13 price GLD                               175.28 USD
2024-09-20 price VBMPX                             235.56 USD
2024-09-20 price RGAGX                             139.88 USD
2024-09-20 price ITOT                               85.13 USD
2024-09-20 price VEA                                97.67 USD
2024-09-20 price VHT                               169.93 USD
2024-09-20 price GLD                               175.74 USD
2024-09-27 price VBMPX                             231.82 USD
2024-09-27 price RGAGX                             137.77 USD
2024-09-27 price ITOT                               85.72 USD
2024-09-27 price VEA                                97.07 USD
2024-09-27 price VHT                               171.58 USD
2024-09-27 price GLD                               174.69 USD
2024-10-04 price VBMPX                             228.44 USD
2024-10-04 price RGAGX                             135.32 USD
2024-10-04 price ITOT                               88.09 USD
2024-10-04 price VEA                                98.32 USD
2024-10-04 price VHT                               171.88 USD
2024-10-04 price GLD                               169.30 USD
2024-10-11 price VBMPX                             228.26 USD
2024-10-11 price RGAGX                             135.88 USD
2024-10-11 price ITOT                               88.00 USD
2024-10-11 price VEA                                98.59 USD
2024-10-11 price VHT                               174.31 USD
2024-10-11 price GLD                               169.06 USD
2024-10-18 price VBMPX                             228.57 USD
2024-10-18 price RGAGX                             134.40 USD
2024-10-18 price ITOT                               87.30 USD
2024-10-18 price VEA                                99.47 USD
2024-10-18 price VHT                               177.18 USD
2024-10-18 price GLD                               168.39 USD



* Cash


; Source: https://raw.githubusercontent.com/EmNebergall/Garbanzo/c12b506a0df4f2577d423784ce0cdaf154ad6e99/data/sample/example.beancount
