;; -*- mode: org; mode: beancount; -*-
;; Birth: 1980-05-12
;; Dates: 2023-01-01 - 2025-11-08
;; THIS FILE HAS BEEN AUTO-GENERATED.
* Options

option "title" "Example Beancount file"
option "operating_currency" "USD"




* Commodities


1792-01-01 commodity USD
  name: "US Dollar"
  export: "CASH"

1900-01-01 commodity VMMXX
  export: "MUTF:VMMXX (MONEY:USD)"

1980-05-12 commodity VACHR
  name: "Employer Vacation Hours"
  export: "IGNORE"

1980-05-12 commodity IRAUSD
  name: "US 401k and IRA Contributions"
  export: "IGNORE"

1995-09-18 commodity VBMPX
  name: "Vanguard Total Bond Market Index Fund Institutional Plus Shares"
  export: "MUTF:VBMPX"
  price: "USD:google/MUTF:VBMPX"

2004-01-20 commodity ITOT
  name: "iShares Core S&P Total U.S. Stock Market ETF"
  export: "NYSEARCA:ITOT"
  price: "USD:google/NYSEARCA:ITOT"

2004-01-26 commodity VHT
  name: "Vanguard Health Care ETF"
  export: "NYSEARCA:VHT"
  price: "USD:google/NYSEARCA:VHT"

2004-11-01 commodity GLD
  name: "SPDR Gold Trust (ETF)"
  export: "NYSEARCA:GLD"
  price: "USD:google/NYSEARCA:GLD"

2007-07-20 commodity VEA
  name: "Vanguard FTSE Developed Markets ETF"
  export: "NYSEARCA:VEA"
  price: "USD:google/NYSEARCA:VEA"

2009-05-01 commodity RGAGX
  name: "American Funds The Growth Fund of America Class R-6"
  export: "MUTF:RGAGX"
  price: "USD:google/MUTF:RGAGX"



* Equity Accounts

1980-05-12 open Equity:Opening-Balances
1980-05-12 open Liabilities:AccountsPayable



* Banking

2023-01-01 open Assets:US:BofA
  institution: "Bank of America"
  address: "123 America Street, LargeTown, USA"
  phone: "+1.012.345.6789"
2023-01-01 open Assets:US:BofA:Checking                        USD
  account: "00234-48574897"

2023-01-01 * "Opening Balance for checking account"
  Assets:US:BofA:Checking                         3768.46 USD
  Equity:Opening-Balances                        -3768.46 USD

2023-01-02 balance Assets:US:BofA:Checking        3768.46 USD

2023-01-04 * "BANK FEES" "Monthly bank fee"
  Assets:US:BofA:Checking                           -4.00 USD
  Expenses:Financial:Fees                            4.00 USD

2023-01-05 * "RiverBank Properties" "Paying the rent"
  Assets:US:BofA:Checking                        -2400.00 USD
  Expenses:Home:Rent                              2400.00 USD

2023-01-09 * "EDISON POWER" ""
  Assets:US:BofA:Checking                          -65.00 USD
  Expenses:Home:Electricity                         65.00 USD

2023-01-20 * "Verizon Wireless" ""
  Assets:US:BofA:Checking                          -70.63 USD
  Expenses:Home:Phone                               70.63 USD

2023-01-21 * "Wine-Tarner Cable" ""
  Assets:US:BofA:Checking                          -79.91 USD
  Expenses:Home:Internet                            79.91 USD

2023-01-26 balance Assets:US:BofA:Checking        3692.59 USD

2023-02-03 * "RiverBank Properties" "Paying the rent"
  Assets:US:BofA:Checking                        -2400.00 USD
  Expenses:Home:Rent                              2400.00 USD

2023-02-04 * "BANK FEES" "Monthly bank fee"
  Assets:US:BofA:Checking                           -4.00 USD
  Expenses:Financial:Fees                            4.00 USD

2023-02-09 * "EDISON POWER" ""
  Assets:US:BofA:Checking                          -65.00 USD
  Expenses:Home:Electricity                         65.00 USD

2023-02-18 * "Verizon Wireless" ""
  Assets:US:BofA:Checking                          -57.50 USD
  Expenses:Home:Phone                               57.50 USD

2023-02-22 balance Assets:US:BofA:Checking        3252.75 USD

2023-02-22 * "Wine-Tarner Cable" ""
  Assets:US:BofA:Checking                          -80.14 USD
  Expenses:Home:Internet                            80.14 USD

2023-03-03 * "RiverBank Properties" "Paying the rent"
  Assets:US:BofA:Checking                        -2400.00 USD
  Expenses:Home:Rent                              2400.00 USD

2023-03-04 * "BANK FEES" "Monthly bank fee"
  Assets:US:BofA:Checking                           -4.00 USD
  Expenses:Financial:Fees                            4.00 USD

2023-03-08 * "EDISON POWER" ""
  Assets:US:BofA:Checking                          -65.00 USD
  Expenses:Home:Electricity                         65.00 USD

2023-03-19 * "Verizon Wireless" ""
  Assets:US:BofA:Checking                          -69.02 USD
  Expenses:Home:Phone                               69.02 USD

2023-03-23 * "Wine-Tarner Cable" ""
  Assets:US:BofA:Checking                          -80.13 USD
  Expenses:Home:Internet                            80.13 USD

2023-03-24 balance Assets:US:BofA:Checking        2711.71 USD

2023-04-04 * "BANK FEES" "Monthly bank fee"
  Assets:US:BofA:Checking                           -4.00 USD
  Expenses:Financial:Fees                            4.00 USD

2023-04-05 * "RiverBank Properties" "Paying the rent"
  Assets:US:BofA:Checking                        -2400.00 USD
  Expenses:Home:Rent                              2400.00 USD

2023-04-08 * "EDISON POWER" ""
  Assets:US:BofA:Checking                          -65.00 USD
  Expenses:Home:Electricity                         65.00 USD

2023-04-13 balance Assets:US:BofA:Checking         890.19 USD

2023-04-20 * "Verizon Wireless" ""
  Assets:US:BofA:Checking                          -66.22 USD
  Expenses:Home:Phone                               66.22 USD

2023-04-21 * "Wine-Tarner Cable" ""
  Assets:US:BofA:Checking                          -79.85 USD
  Expenses:Home:Internet                            79.85 USD

2023-05-03 * "RiverBank Properties" "Paying the rent"
  Assets:US:BofA:Checking                        -2400.00 USD
  Expenses:Home:Rent                              2400.00 USD

2023-05-04 * "BANK FEES" "Monthly bank fee"
  Assets:US:BofA:Checking                           -4.00 USD
  Expenses:Financial:Fees                            4.00 USD

2023-05-08 balance Assets:US:BofA:Checking         477.06 USD

2023-05-08 * "EDISON POWER" ""
  Assets:US:BofA:Checking                          -65.00 USD
  Expenses:Home:Electricity                         65.00 USD

2023-05-19 * "Verizon Wireless" ""
  Assets:US:BofA:Checking                          -70.98 USD
  Expenses:Home:Phone                               70.98 USD

2023-05-21 * "Wine-Tarner Cable" ""
  Assets:US:BofA:Checking                          -79.95 USD
  Expenses:Home:Internet                            79.95 USD

2023-06-03 * "RiverBank Properties" "Paying the rent"
  Assets:US:BofA:Checking                        -2400.00 USD
  Expenses:Home:Rent                              2400.00 USD

2023-06-04 * "BANK FEES" "Monthly bank fee"
  Assets:US:BofA:Checking                           -4.00 USD
  Expenses:Financial:Fees                            4.00 USD

2023-06-05 balance Assets:US:BofA:Checking         558.33 USD

2023-06-08 * "EDISON POWER" ""
  Assets:US:BofA:Checking                          -65.00 USD
  Expenses:Home:Electricity                         65.00 USD

2023-06-20 * "Verizon Wireless" ""
  Assets:US:BofA:Checking                          -55.89 USD
  Expenses:Home:Phone                               55.89 USD

2023-06-21 * "Wine-Tarner Cable" ""
  Assets:US:BofA:Checking                          -79.99 USD
  Expenses:Home:Internet                            79.99 USD

2023-06-29 balance Assets:US:BofA:Checking        2500.32 USD

2023-07-04 * "BANK FEES" "Monthly bank fee"
  Assets:US:BofA:Checking                           -4.00 USD
  Expenses:Financial:Fees                            4.00 USD

2023-07-06 * "RiverBank Properties" "Paying the rent"
  Assets:US:BofA:Checking                        -2400.00 USD
  Expenses:Home:Rent                              2400.00 USD

2023-07-08 * "EDISON POWER" ""
  Assets:US:BofA:Checking                          -65.00 USD
  Expenses:Home:Electricity                         65.00 USD

2023-07-20 * "Verizon Wireless" ""
  Assets:US:BofA:Checking                          -54.75 USD
  Expenses:Home:Phone                               54.75 USD

2023-07-21 * "Wine-Tarner Cable" ""
  Assets:US:BofA:Checking                          -79.79 USD
  Expenses:Home:Internet                            79.79 USD

2023-07-22 balance Assets:US:BofA:Checking        1928.05 USD

2023-08-03 * "RiverBank Properties" "Paying the rent"
  Assets:US:BofA:Checking                        -2400.00 USD
  Expenses:Home:Rent                              2400.00 USD

2023-08-04 * "BANK FEES" "Monthly bank fee"
  Assets:US:BofA:Checking                           -4.00 USD
  Expenses:Financial:Fees                            4.00 USD

2023-08-08 * "EDISON POWER" ""
  Assets:US:BofA:Checking                          -65.00 USD
  Expenses:Home:Electricity                         65.00 USD

2023-08-11 balance Assets:US:BofA:Checking         900.80 USD

2023-08-20 * "Verizon Wireless" ""
  Assets:US:BofA:Checking                          -60.43 USD
  Expenses:Home:Phone                               60.43 USD

2023-08-23 * "Wine-Tarner Cable" ""
  Assets:US:BofA:Checking                          -80.08 USD
  Expenses:Home:Internet                            80.08 USD

2023-09-04 * "BANK FEES" "Monthly bank fee"
  Assets:US:BofA:Checking                           -4.00 USD
  Expenses:Financial:Fees                            4.00 USD

2023-09-04 * "RiverBank Properties" "Paying the rent"
  Assets:US:BofA:Checking                        -2400.00 USD
  Expenses:Home:Rent                              2400.00 USD

2023-09-09 balance Assets:US:BofA:Checking        3457.49 USD

2023-09-09 * "EDISON POWER" ""
  Assets:US:BofA:Checking                          -65.00 USD
  Expenses:Home:Electricity                         65.00 USD

2023-09-15 * "Transfering accumulated savings to other account"
  Assets:US:BofA:Checking                           -4500 USD
  Assets:US:ETrade:Cash                              4500 USD

2023-09-18 * "Verizon Wireless" ""
  Assets:US:BofA:Checking                          -57.64 USD
  Expenses:Home:Phone                               57.64 USD

2023-09-22 * "Wine-Tarner Cable" ""
  Assets:US:BofA:Checking                          -79.97 USD
  Expenses:Home:Internet                            79.97 USD

2023-10-04 * "BANK FEES" "Monthly bank fee"
  Assets:US:BofA:Checking                           -4.00 USD
  Expenses:Financial:Fees                            4.00 USD

2023-10-05 balance Assets:US:BofA:Checking        3139.45 USD

2023-10-05 * "RiverBank Properties" "Paying the rent"
  Assets:US:BofA:Checking                        -2400.00 USD
  Expenses:Home:Rent                              2400.00 USD

2023-10-08 * "EDISON POWER" ""
  Assets:US:BofA:Checking                          -65.00 USD
  Expenses:Home:Electricity                         65.00 USD

2023-10-18 * "Verizon Wireless" ""
  Assets:US:BofA:Checking                          -59.91 USD
  Expenses:Home:Phone                               59.91 USD

2023-10-21 * "Wine-Tarner Cable" ""
  Assets:US:BofA:Checking                          -80.12 USD
  Expenses:Home:Internet                            80.12 USD

2023-11-02 balance Assets:US:BofA:Checking        5230.64 USD

2023-11-04 * "BANK FEES" "Monthly bank fee"
  Assets:US:BofA:Checking                           -4.00 USD
  Expenses:Financial:Fees                            4.00 USD

2023-11-06 * "RiverBank Properties" "Paying the rent"
  Assets:US:BofA:Checking                        -2400.00 USD
  Expenses:Home:Rent                              2400.00 USD

2023-11-09 * "EDISON POWER" ""
  Assets:US:BofA:Checking                          -65.00 USD
  Expenses:Home:Electricity                         65.00 USD

2023-11-10 * "Transfering accumulated savings to other account"
  Assets:US:BofA:Checking                           -4000 USD
  Assets:US:ETrade:Cash                              4000 USD

2023-11-20 * "Verizon Wireless" ""
  Assets:US:BofA:Checking                          -40.14 USD
  Expenses:Home:Phone                               40.14 USD

2023-11-23 * "Wine-Tarner Cable" ""
  Assets:US:BofA:Checking                          -79.91 USD
  Expenses:Home:Internet                            79.91 USD

2023-11-27 balance Assets:US:BofA:Checking        3094.88 USD

2023-12-03 * "RiverBank Properties" "Paying the rent"
  Assets:US:BofA:Checking                        -2400.00 USD
  Expenses:Home:Rent                              2400.00 USD

2023-12-04 * "BANK FEES" "Monthly bank fee"
  Assets:US:BofA:Checking                           -4.00 USD
  Expenses:Financial:Fees                            4.00 USD

2023-12-08 * "EDISON POWER" ""
  Assets:US:BofA:Checking                          -65.00 USD
  Expenses:Home:Electricity                         65.00 USD

2023-12-19 * "Verizon Wireless" ""
  Assets:US:BofA:Checking                          -58.65 USD
  Expenses:Home:Phone                               58.65 USD

2023-12-23 * "Wine-Tarner Cable" ""
  Assets:US:BofA:Checking                          -80.00 USD
  Expenses:Home:Internet                            80.00 USD

2023-12-27 balance Assets:US:BofA:Checking        5295.59 USD

2024-01-04 * "BANK FEES" "Monthly bank fee"
  Assets:US:BofA:Checking                           -4.00 USD
  Expenses:Financial:Fees                            4.00 USD

2024-01-04 * "RiverBank Properties" "Paying the rent"
  Assets:US:BofA:Checking                        -2400.00 USD
  Expenses:Home:Rent                              2400.00 USD

2024-01-09 * "EDISON POWER" ""
  Assets:US:BofA:Checking                          -65.00 USD
  Expenses:Home:Electricity                         65.00 USD

2024-01-16 balance Assets:US:BofA:Checking        3384.20 USD

2024-01-19 * "Verizon Wireless" ""
  Assets:US:BofA:Checking                          -63.28 USD
  Expenses:Home:Phone                               63.28 USD

2024-01-23 * "Wine-Tarner Cable" ""
  Assets:US:BofA:Checking                          -79.86 USD
  Expenses:Home:Internet                            79.86 USD

2024-02-04 * "BANK FEES" "Monthly bank fee"
  Assets:US:BofA:Checking                           -4.00 USD
  Expenses:Financial:Fees                            4.00 USD

2024-02-05 balance Assets:US:BofA:Checking        5938.26 USD

2024-02-06 * "RiverBank Properties" "Paying the rent"
  Assets:US:BofA:Checking                        -2400.00 USD
  Expenses:Home:Rent                              2400.00 USD

2024-02-08 * "EDISON POWER" ""
  Assets:US:BofA:Checking                          -65.00 USD
  Expenses:Home:Electricity                         65.00 USD

2024-02-19 * "Verizon Wireless" ""
  Assets:US:BofA:Checking                          -67.87 USD
  Expenses:Home:Phone                               67.87 USD

2024-02-23 * "Wine-Tarner Cable" ""
  Assets:US:BofA:Checking                          -79.99 USD
  Expenses:Home:Internet                            79.99 USD

2024-03-02 balance Assets:US:BofA:Checking        5344.74 USD

2024-03-04 * "BANK FEES" "Monthly bank fee"
  Assets:US:BofA:Checking                           -4.00 USD
  Expenses:Financial:Fees                            4.00 USD

2024-03-06 * "RiverBank Properties" "Paying the rent"
  Assets:US:BofA:Checking                        -2400.00 USD
  Expenses:Home:Rent                              2400.00 USD

2024-03-08 * "EDISON POWER" ""
  Assets:US:BofA:Checking                          -65.00 USD
  Expenses:Home:Electricity                         65.00 USD

2024-03-20 * "Verizon Wireless" ""
  Assets:US:BofA:Checking                          -69.64 USD
  Expenses:Home:Phone                               69.64 USD

2024-03-23 * "Wine-Tarner Cable" ""
  Assets:US:BofA:Checking                          -80.03 USD
  Expenses:Home:Internet                            80.03 USD

2024-03-29 balance Assets:US:BofA:Checking        3744.86 USD

2024-04-04 * "BANK FEES" "Monthly bank fee"
  Assets:US:BofA:Checking                           -4.00 USD
  Expenses:Financial:Fees                            4.00 USD

2024-04-06 * "RiverBank Properties" "Paying the rent"
  Assets:US:BofA:Checking                        -2400.00 USD
  Expenses:Home:Rent                              2400.00 USD

2024-04-09 * "EDISON POWER" ""
  Assets:US:BofA:Checking                          -65.00 USD
  Expenses:Home:Electricity                         65.00 USD

2024-04-18 * "Verizon Wireless" ""
  Assets:US:BofA:Checking                          -60.27 USD
  Expenses:Home:Phone                               60.27 USD

2024-04-21 * "Wine-Tarner Cable" ""
  Assets:US:BofA:Checking                          -79.88 USD
  Expenses:Home:Internet                            79.88 USD

2024-04-23 balance Assets:US:BofA:Checking        1871.76 USD

2024-05-04 * "BANK FEES" "Monthly bank fee"
  Assets:US:BofA:Checking                           -4.00 USD
  Expenses:Financial:Fees                            4.00 USD

2024-05-06 * "RiverBank Properties" "Paying the rent"
  Assets:US:BofA:Checking                        -2400.00 USD
  Expenses:Home:Rent                              2400.00 USD

2024-05-09 * "EDISON POWER" ""
  Assets:US:BofA:Checking                          -65.00 USD
  Expenses:Home:Electricity                         65.00 USD

2024-05-18 balance Assets:US:BofA:Checking        1569.75 USD

2024-05-20 * "Verizon Wireless" ""
  Assets:US:BofA:Checking                          -51.11 USD
  Expenses:Home:Phone                               51.11 USD

2024-05-23 * "Wine-Tarner Cable" ""
  Assets:US:BofA:Checking                          -80.06 USD
  Expenses:Home:Internet                            80.06 USD

2024-06-04 * "BANK FEES" "Monthly bank fee"
  Assets:US:BofA:Checking                           -4.00 USD
  Expenses:Financial:Fees                            4.00 USD

2024-06-05 * "RiverBank Properties" "Paying the rent"
  Assets:US:BofA:Checking                        -2400.00 USD
  Expenses:Home:Rent                              2400.00 USD

2024-06-08 * "EDISON POWER" ""
  Assets:US:BofA:Checking                          -65.00 USD
  Expenses:Home:Electricity                         65.00 USD

2024-06-12 balance Assets:US:BofA:Checking        1028.84 USD

2024-06-18 * "Verizon Wireless" ""
  Assets:US:BofA:Checking                          -65.64 USD
  Expenses:Home:Phone                               65.64 USD

2024-06-23 * "Wine-Tarner Cable" ""
  Assets:US:BofA:Checking                          -80.00 USD
  Expenses:Home:Internet                            80.00 USD

2024-07-04 * "BANK FEES" "Monthly bank fee"
  Assets:US:BofA:Checking                           -4.00 USD
  Expenses:Financial:Fees                            4.00 USD

2024-07-06 * "RiverBank Properties" "Paying the rent"
  Assets:US:BofA:Checking                        -2400.00 USD
  Expenses:Home:Rent                              2400.00 USD

2024-07-09 * "EDISON POWER" ""
  Assets:US:BofA:Checking                          -65.00 USD
  Expenses:Home:Electricity                         65.00 USD

2024-07-11 balance Assets:US:BofA:Checking         387.80 USD

2024-07-20 * "Verizon Wireless" ""
  Assets:US:BofA:Checking                          -56.03 USD
  Expenses:Home:Phone                               56.03 USD

2024-07-21 * "Wine-Tarner Cable" ""
  Assets:US:BofA:Checking                          -80.01 USD
  Expenses:Home:Internet                            80.01 USD

2024-08-03 balance Assets:US:BofA:Checking        3652.96 USD

2024-08-04 * "BANK FEES" "Monthly bank fee"
  Assets:US:BofA:Checking                           -4.00 USD
  Expenses:Financial:Fees                            4.00 USD

2024-08-04 * "RiverBank Properties" "Paying the rent"
  Assets:US:BofA:Checking                        -2400.00 USD
  Expenses:Home:Rent                              2400.00 USD

2024-08-09 * "EDISON POWER" ""
  Assets:US:BofA:Checking                          -65.00 USD
  Expenses:Home:Electricity                         65.00 USD

2024-08-20 * "Verizon Wireless" ""
  Assets:US:BofA:Checking                          -72.89 USD
  Expenses:Home:Phone                               72.89 USD

2024-08-21 * "Wine-Tarner Cable" ""
  Assets:US:BofA:Checking                          -80.03 USD
  Expenses:Home:Internet                            80.03 USD

2024-08-29 balance Assets:US:BofA:Checking        3130.28 USD

2024-09-03 * "RiverBank Properties" "Paying the rent"
  Assets:US:BofA:Checking                        -2400.00 USD
  Expenses:Home:Rent                              2400.00 USD

2024-09-04 * "BANK FEES" "Monthly bank fee"
  Assets:US:BofA:Checking                           -4.00 USD
  Expenses:Financial:Fees                            4.00 USD

2024-09-08 * "EDISON POWER" ""
  Assets:US:BofA:Checking                          -65.00 USD
  Expenses:Home:Electricity                         65.00 USD

2024-09-13 * "Transfering accumulated savings to other account"
  Assets:US:BofA:Checking                           -4000 USD
  Assets:US:ETrade:Cash                              4000 USD

2024-09-18 * "Verizon Wireless" ""
  Assets:US:BofA:Checking                          -66.56 USD
  Expenses:Home:Phone                               66.56 USD

2024-09-21 * "Wine-Tarner Cable" ""
  Assets:US:BofA:Checking                          -80.13 USD
  Expenses:Home:Internet                            80.13 USD

2024-09-26 balance Assets:US:BofA:Checking         999.44 USD

2024-10-03 * "RiverBank Properties" "Paying the rent"
  Assets:US:BofA:Checking                        -2400.00 USD
  Expenses:Home:Rent                              2400.00 USD

2024-10-04 * "BANK FEES" "Monthly bank fee"
  Assets:US:BofA:Checking                           -4.00 USD
  Expenses:Financial:Fees                            4.00 USD

2024-10-08 * "EDISON POWER" ""
  Assets:US:BofA:Checking                          -65.00 USD
  Expenses:Home:Electricity                         65.00 USD

2024-10-16 balance Assets:US:BofA:Checking        2818.20 USD

2024-10-19 * "Verizon Wireless" ""
  Assets:US:BofA:Checking                          -64.89 USD
  Expenses:Home:Phone                               64.89 USD

2024-10-22 * "Wine-Tarner Cable" ""
  Assets:US:BofA:Checking                          -79.94 USD
  Expenses:Home:Internet                            79.94 USD

2024-11-04 * "BANK FEES" "Monthly bank fee"
  Assets:US:BofA:Checking                           -4.00 USD
  Expenses:Financial:Fees                            4.00 USD

2024-11-06 * "RiverBank Properties" "Paying the rent"
  Assets:US:BofA:Checking                        -2400.00 USD
  Expenses:Home:Rent                              2400.00 USD

2024-11-08 * "EDISON POWER" ""
  Assets:US:BofA:Checking                          -65.00 USD
  Expenses:Home:Electricity                         65.00 USD

2024-11-08 * "Transfering accumulated savings to other account"
  Assets:US:BofA:Checking                           -4500 USD
  Assets:US:ETrade:Cash                              4500 USD

2024-11-11 balance Assets:US:BofA:Checking         313.13 USD

2024-11-20 * "Verizon Wireless" ""
  Assets:US:BofA:Checking                          -61.70 USD
  Expenses:Home:Phone                               61.70 USD

2024-11-21 * "Wine-Tarner Cable" ""
  Assets:US:BofA:Checking                          -79.85 USD
  Expenses:Home:Internet                            79.85 USD

2024-12-04 * "BANK FEES" "Monthly bank fee"
  Assets:US:BofA:Checking                           -4.00 USD
  Expenses:Financial:Fees                            4.00 USD

2024-12-04 * "RiverBank Properties" "Paying the rent"
  Assets:US:BofA:Checking                        -2400.00 USD
  Expenses:Home:Rent                              2400.00 USD

2024-12-09 balance Assets:US:BofA:Checking        2907.24 USD

2024-12-09 * "EDISON POWER" ""
  Assets:US:BofA:Checking                          -65.00 USD
  Expenses:Home:Electricity                         65.00 USD

2024-12-19 * "Verizon Wireless" ""
  Assets:US:BofA:Checking                          -57.62 USD
  Expenses:Home:Phone                               57.62 USD

2024-12-22 * "Wine-Tarner Cable" ""
  Assets:US:BofA:Checking                          -79.95 USD
  Expenses:Home:Internet                            79.95 USD

2025-01-04 balance Assets:US:BofA:Checking        6406.82 USD

2025-01-04 * "BANK FEES" "Monthly bank fee"
  Assets:US:BofA:Checking                           -4.00 USD
  Expenses:Financial:Fees                            4.00 USD

2025-01-06 * "RiverBank Properties" "Paying the rent"
  Assets:US:BofA:Checking                        -2400.00 USD
  Expenses:Home:Rent                              2400.00 USD

2025-01-08 * "EDISON POWER" ""
  Assets:US:BofA:Checking                          -65.00 USD
  Expenses:Home:Electricity                         65.00 USD

2025-01-19 * "Verizon Wireless" ""
  Assets:US:BofA:Checking                          -69.39 USD
  Expenses:Home:Phone                               69.39 USD

2025-01-22 * "Wine-Tarner Cable" ""
  Assets:US:BofA:Checking                          -80.09 USD
  Expenses:Home:Internet                            80.09 USD

2025-02-01 balance Assets:US:BofA:Checking        5859.15 USD

2025-02-04 * "BANK FEES" "Monthly bank fee"
  Assets:US:BofA:Checking                           -4.00 USD
  Expenses:Financial:Fees                            4.00 USD

2025-02-06 * "RiverBank Properties" "Paying the rent"
  Assets:US:BofA:Checking                        -2400.00 USD
  Expenses:Home:Rent                              2400.00 USD

2025-02-08 * "EDISON POWER" ""
  Assets:US:BofA:Checking                          -65.00 USD
  Expenses:Home:Electricity                         65.00 USD

2025-02-18 * "Verizon Wireless" ""
  Assets:US:BofA:Checking                          -51.17 USD
  Expenses:Home:Phone                               51.17 USD

2025-02-21 balance Assets:US:BofA:Checking        4081.94 USD

2025-02-23 * "Wine-Tarner Cable" ""
  Assets:US:BofA:Checking                          -79.91 USD
  Expenses:Home:Internet                            79.91 USD

2025-03-04 * "BANK FEES" "Monthly bank fee"
  Assets:US:BofA:Checking                           -4.00 USD
  Expenses:Financial:Fees                            4.00 USD

2025-03-04 * "RiverBank Properties" "Paying the rent"
  Assets:US:BofA:Checking                        -2400.00 USD
  Expenses:Home:Rent                              2400.00 USD

2025-03-08 * "EDISON POWER" ""
  Assets:US:BofA:Checking                          -65.00 USD
  Expenses:Home:Electricity                         65.00 USD

2025-03-13 balance Assets:US:BofA:Checking        2236.28 USD

2025-03-18 * "Verizon Wireless" ""
  Assets:US:BofA:Checking                          -58.26 USD
  Expenses:Home:Phone                               58.26 USD

2025-03-21 * "Wine-Tarner Cable" ""
  Assets:US:BofA:Checking                          -80.07 USD
  Expenses:Home:Internet                            80.07 USD

2025-04-03 * "RiverBank Properties" "Paying the rent"
  Assets:US:BofA:Checking                        -2400.00 USD
  Expenses:Home:Rent                              2400.00 USD

2025-04-04 * "BANK FEES" "Monthly bank fee"
  Assets:US:BofA:Checking                           -4.00 USD
  Expenses:Financial:Fees                            4.00 USD

2025-04-09 balance Assets:US:BofA:Checking        1579.99 USD

2025-04-09 * "EDISON POWER" ""
  Assets:US:BofA:Checking                          -65.00 USD
  Expenses:Home:Electricity                         65.00 USD

2025-04-18 * "Verizon Wireless" ""
  Assets:US:BofA:Checking                          -56.54 USD
  Expenses:Home:Phone                               56.54 USD

2025-04-22 * "Wine-Tarner Cable" ""
  Assets:US:BofA:Checking                          -80.12 USD
  Expenses:Home:Internet                            80.12 USD

2025-05-04 * "BANK FEES" "Monthly bank fee"
  Assets:US:BofA:Checking                           -4.00 USD
  Expenses:Financial:Fees                            4.00 USD

2025-05-05 * "RiverBank Properties" "Paying the rent"
  Assets:US:BofA:Checking                        -2400.00 USD
  Expenses:Home:Rent                              2400.00 USD

2025-05-07 balance Assets:US:BofA:Checking         923.81 USD

2025-05-08 * "EDISON POWER" ""
  Assets:US:BofA:Checking                          -65.00 USD
  Expenses:Home:Electricity                         65.00 USD

2025-05-20 * "Verizon Wireless" ""
  Assets:US:BofA:Checking                          -60.22 USD
  Expenses:Home:Phone                               60.22 USD

2025-05-22 * "Wine-Tarner Cable" ""
  Assets:US:BofA:Checking                          -80.08 USD
  Expenses:Home:Internet                            80.08 USD

2025-05-30 balance Assets:US:BofA:Checking        2895.58 USD

2025-06-03 * "RiverBank Properties" "Paying the rent"
  Assets:US:BofA:Checking                        -2400.00 USD
  Expenses:Home:Rent                              2400.00 USD

2025-06-04 * "BANK FEES" "Monthly bank fee"
  Assets:US:BofA:Checking                           -4.00 USD
  Expenses:Financial:Fees                            4.00 USD

2025-06-09 * "EDISON POWER" ""
  Assets:US:BofA:Checking                          -65.00 USD
  Expenses:Home:Electricity                         65.00 USD

2025-06-19 * "Verizon Wireless" ""
  Assets:US:BofA:Checking                          -51.71 USD
  Expenses:Home:Phone                               51.71 USD

2025-06-23 * "Wine-Tarner Cable" ""
  Assets:US:BofA:Checking                          -79.98 USD
  Expenses:Home:Internet                            79.98 USD

2025-06-27 balance Assets:US:BofA:Checking        2442.95 USD

2025-07-04 * "BANK FEES" "Monthly bank fee"
  Assets:US:BofA:Checking                           -4.00 USD
  Expenses:Financial:Fees                            4.00 USD

2025-07-04 * "RiverBank Properties" "Paying the rent"
  Assets:US:BofA:Checking                        -2400.00 USD
  Expenses:Home:Rent                              2400.00 USD

2025-07-09 * "EDISON POWER" ""
  Assets:US:BofA:Checking                          -65.00 USD
  Expenses:Home:Electricity                         65.00 USD

2025-07-18 * "Verizon Wireless" ""
  Assets:US:BofA:Checking                          -54.55 USD
  Expenses:Home:Phone                               54.55 USD

2025-07-22 balance Assets:US:BofA:Checking        1962.73 USD

2025-07-23 * "Wine-Tarner Cable" ""
  Assets:US:BofA:Checking                          -80.10 USD
  Expenses:Home:Internet                            80.10 USD

2025-08-04 * "BANK FEES" "Monthly bank fee"
  Assets:US:BofA:Checking                           -4.00 USD
  Expenses:Financial:Fees                            4.00 USD

2025-08-05 * "RiverBank Properties" "Paying the rent"
  Assets:US:BofA:Checking                        -2400.00 USD
  Expenses:Home:Rent                              2400.00 USD

2025-08-08 * "EDISON POWER" ""
  Assets:US:BofA:Checking                          -65.00 USD
  Expenses:Home:Electricity                         65.00 USD

2025-08-13 balance Assets:US:BofA:Checking         860.97 USD

2025-08-20 * "Verizon Wireless" ""
  Assets:US:BofA:Checking                          -66.90 USD
  Expenses:Home:Phone                               66.90 USD

2025-08-23 * "Wine-Tarner Cable" ""
  Assets:US:BofA:Checking                          -79.93 USD
  Expenses:Home:Internet                            79.93 USD

2025-09-04 * "BANK FEES" "Monthly bank fee"
  Assets:US:BofA:Checking                           -4.00 USD
  Expenses:Financial:Fees                            4.00 USD

2025-09-05 balance Assets:US:BofA:Checking        5811.34 USD

2025-09-05 * "RiverBank Properties" "Paying the rent"
  Assets:US:BofA:Checking                        -2400.00 USD
  Expenses:Home:Rent                              2400.00 USD

2025-09-08 * "EDISON POWER" ""
  Assets:US:BofA:Checking                          -65.00 USD
  Expenses:Home:Electricity                         65.00 USD

2025-09-12 * "Transfering accumulated savings to other account"
  Assets:US:BofA:Checking                           -4500 USD
  Assets:US:ETrade:Cash                              4500 USD

2025-09-18 * "Verizon Wireless" ""
  Assets:US:BofA:Checking                          -63.07 USD
  Expenses:Home:Phone                               63.07 USD

2025-09-21 * "Wine-Tarner Cable" ""
  Assets:US:BofA:Checking                          -79.81 USD
  Expenses:Home:Internet                            79.81 USD

2025-09-29 balance Assets:US:BofA:Checking        3153.07 USD

2025-10-04 * "BANK FEES" "Monthly bank fee"
  Assets:US:BofA:Checking                           -4.00 USD
  Expenses:Financial:Fees                            4.00 USD

2025-10-04 * "RiverBank Properties" "Paying the rent"
  Assets:US:BofA:Checking                        -2400.00 USD
  Expenses:Home:Rent                              2400.00 USD

2025-10-09 * "EDISON POWER" ""
  Assets:US:BofA:Checking                          -65.00 USD
  Expenses:Home:Electricity                         65.00 USD

2025-10-20 * "Verizon Wireless" ""
  Assets:US:BofA:Checking                          -62.25 USD
  Expenses:Home:Phone                               62.25 USD

2025-10-22 * "Wine-Tarner Cable" ""
  Assets:US:BofA:Checking                          -79.99 USD
  Expenses:Home:Internet                            79.99 USD

2025-10-24 * "Transfering accumulated savings to other account"
  Assets:US:BofA:Checking                           -4500 USD
  Assets:US:ETrade:Cash                              4500 USD

2025-10-25 balance Assets:US:BofA:Checking         324.70 USD

2025-11-04 * "BANK FEES" "Monthly bank fee"
  Assets:US:BofA:Checking                           -4.00 USD
  Expenses:Financial:Fees                            4.00 USD



* Credit-Cards

1980-05-12 open Liabilities:US:Chase:Slate                      USD

2023-01-05 * "China Garden" "Eating out "
  Liabilities:US:Chase:Slate                       -30.05 USD
  Expenses:Food:Restaurant                          30.05 USD

2023-01-08 * "Good Moods Market" "Buying groceries"
  Liabilities:US:Chase:Slate                       -59.55 USD
  Expenses:Food:Groceries                           59.55 USD

2023-01-09 * "China Garden" "Eating out with Joe"
  Liabilities:US:Chase:Slate                       -25.79 USD
  Expenses:Food:Restaurant                          25.79 USD

2023-01-11 * "Kin Soy" "Eating out after work"
  Liabilities:US:Chase:Slate                       -42.14 USD
  Expenses:Food:Restaurant                          42.14 USD

2023-01-11 * "Chase:Slate" "Paying off credit card"
  Liabilities:US:Chase:Slate                       157.53 USD
  Assets:US:BofA:Checking                         -157.53 USD

2023-01-16 * "Chichipotle" "Eating out after work"
  Liabilities:US:Chase:Slate                       -28.24 USD
  Expenses:Food:Restaurant                          28.24 USD

2023-01-18 * "Jewel of Morroco" "Eating out alone"
  Liabilities:US:Chase:Slate                       -34.96 USD
  Expenses:Food:Restaurant                          34.96 USD

2023-01-19 * "Jewel of Morroco" "Eating out with work buddies"
  Liabilities:US:Chase:Slate                       -15.87 USD
  Expenses:Food:Restaurant                          15.87 USD

2023-01-22 * "Chichipotle" "Eating out with Joe"
  Liabilities:US:Chase:Slate                       -28.57 USD
  Expenses:Food:Restaurant                          28.57 USD

2023-01-26 balance Liabilities:US:Chase:Slate     -107.64 USD

2023-01-26 * "Cafe Modagor" "Eating out with Julie"
  Liabilities:US:Chase:Slate                       -25.30 USD
  Expenses:Food:Restaurant                          25.30 USD

2023-01-26 * "Good Moods Market" "Buying groceries"
  Liabilities:US:Chase:Slate                      -126.60 USD
  Expenses:Food:Groceries                          126.60 USD

2023-01-30 * "Metro Transport Authority" "Tram tickets"
  Liabilities:US:Chase:Slate                      -120.00 USD
  Expenses:Transport:Tram                          120.00 USD

2023-01-31 * "Rose Flower" "Eating out after work"
  Liabilities:US:Chase:Slate                       -19.41 USD
  Expenses:Food:Restaurant                          19.41 USD

2023-02-01 * "Cafe Modagor" "Eating out with Natasha"
  Liabilities:US:Chase:Slate                       -34.82 USD
  Expenses:Food:Restaurant                          34.82 USD

2023-02-02 * "Cafe Modagor" "Eating out with Julie"
  Liabilities:US:Chase:Slate                       -53.49 USD
  Expenses:Food:Restaurant                          53.49 USD

2023-02-04 * "Kin Soy" "Eating out "
  Liabilities:US:Chase:Slate                       -63.02 USD
  Expenses:Food:Restaurant                          63.02 USD

2023-02-06 * "Uncle Boons" "Eating out with work buddies"
  Liabilities:US:Chase:Slate                       -24.08 USD
  Expenses:Food:Restaurant                          24.08 USD

2023-02-09 * "Chase:Slate" "Paying off credit card"
  Liabilities:US:Chase:Slate                       614.54 USD
  Assets:US:BofA:Checking                         -614.54 USD

2023-02-10 * "Jewel of Morroco" "Eating out with Bill"
  Liabilities:US:Chase:Slate                       -40.18 USD
  Expenses:Food:Restaurant                          40.18 USD

2023-02-12 * "Goba Goba" "Eating out with Natasha"
  Liabilities:US:Chase:Slate                       -25.51 USD
  Expenses:Food:Restaurant                          25.51 USD

2023-02-14 * "Farmer Fresh" "Buying groceries"
  Liabilities:US:Chase:Slate                      -101.38 USD
  Expenses:Food:Groceries                          101.38 USD

2023-02-16 * "Jewel of Morroco" "Eating out with Natasha"
  Liabilities:US:Chase:Slate                       -31.76 USD
  Expenses:Food:Restaurant                          31.76 USD

2023-02-17 * "Goba Goba" "Eating out "
  Liabilities:US:Chase:Slate                       -25.69 USD
  Expenses:Food:Restaurant                          25.69 USD

2023-02-19 * "Corner Deli" "Buying groceries"
  Liabilities:US:Chase:Slate                       -74.54 USD
  Expenses:Food:Groceries                           74.54 USD

2023-02-20 * "Rose Flower" "Eating out after work"
  Liabilities:US:Chase:Slate                       -39.02 USD
  Expenses:Food:Restaurant                          39.02 USD

2023-02-23 balance Liabilities:US:Chase:Slate     -297.90 USD

2023-02-23 * "Rose Flower" "Eating out with Natasha"
  Liabilities:US:Chase:Slate                       -12.13 USD
  Expenses:Food:Restaurant                          12.13 USD

2023-02-28 * "Cafe Modagor" "Eating out with Bill"
  Liabilities:US:Chase:Slate                       -24.13 USD
  Expenses:Food:Restaurant                          24.13 USD

2023-03-01 * "Metro Transport Authority" "Tram tickets"
  Liabilities:US:Chase:Slate                      -120.00 USD
  Expenses:Transport:Tram                          120.00 USD

2023-03-05 * "Cafe Modagor" "Eating out after work"
  Liabilities:US:Chase:Slate                       -27.47 USD
  Expenses:Food:Restaurant                          27.47 USD

2023-03-07 * "Chase:Slate" "Paying off credit card"
  Liabilities:US:Chase:Slate                       543.95 USD
  Assets:US:BofA:Checking                         -543.95 USD

2023-03-08 * "Chichipotle" "Eating out "
  Liabilities:US:Chase:Slate                       -62.32 USD
  Expenses:Food:Restaurant                          62.32 USD

2023-03-10 * "Corner Deli" "Buying groceries"
  Liabilities:US:Chase:Slate                       -71.16 USD
  Expenses:Food:Groceries                           71.16 USD

2023-03-11 * "Kin Soy" "Eating out "
  Liabilities:US:Chase:Slate                       -26.25 USD
  Expenses:Food:Restaurant                          26.25 USD

2023-03-13 * "Chichipotle" "Eating out with Julie"
  Liabilities:US:Chase:Slate                       -11.35 USD
  Expenses:Food:Restaurant                          11.35 USD

2023-03-17 * "Chichipotle" "Eating out with Joe"
  Liabilities:US:Chase:Slate                       -37.82 USD
  Expenses:Food:Restaurant                          37.82 USD

2023-03-18 balance Liabilities:US:Chase:Slate     -146.58 USD

2023-03-21 * "Kin Soy" "Eating out alone"
  Liabilities:US:Chase:Slate                       -25.39 USD
  Expenses:Food:Restaurant                          25.39 USD

2023-03-24 * "Rose Flower" "Eating out with Joe"
  Liabilities:US:Chase:Slate                       -29.44 USD
  Expenses:Food:Restaurant                          29.44 USD

2023-03-25 * "Corner Deli" "Buying groceries"
  Liabilities:US:Chase:Slate                      -106.42 USD
  Expenses:Food:Groceries                          106.42 USD

2023-03-26 * "Uncle Boons" "Eating out with Julie"
  Liabilities:US:Chase:Slate                       -50.33 USD
  Expenses:Food:Restaurant                          50.33 USD

2023-03-29 * "Metro Transport Authority" "Tram tickets"
  Liabilities:US:Chase:Slate                      -120.00 USD
  Expenses:Transport:Tram                          120.00 USD

2023-03-31 * "Rose Flower" "Eating out with Joe"
  Liabilities:US:Chase:Slate                       -55.77 USD
  Expenses:Food:Restaurant                          55.77 USD

2023-04-02 * "China Garden" "Eating out alone"
  Liabilities:US:Chase:Slate                       -23.30 USD
  Expenses:Food:Restaurant                          23.30 USD

2023-04-03 * "Cafe Modagor" "Eating out with Julie"
  Liabilities:US:Chase:Slate                       -45.19 USD
  Expenses:Food:Restaurant                          45.19 USD

2023-04-05 * "China Garden" "Eating out after work"
  Liabilities:US:Chase:Slate                       -34.42 USD
  Expenses:Food:Restaurant                          34.42 USD

2023-04-06 * "Cafe Modagor" "Eating out with Natasha"
  Liabilities:US:Chase:Slate                       -31.52 USD
  Expenses:Food:Restaurant                          31.52 USD

2023-04-07 * "Uncle Boons" "Eating out with Joe"
  Liabilities:US:Chase:Slate                       -34.76 USD
  Expenses:Food:Restaurant                          34.76 USD

2023-04-07 * "Chase:Slate" "Paying off credit card"
  Liabilities:US:Chase:Slate                       703.12 USD
  Assets:US:BofA:Checking                         -703.12 USD

2023-04-08 * "Cafe Modagor" "Eating out with Julie"
  Liabilities:US:Chase:Slate                       -26.20 USD
  Expenses:Food:Restaurant                          26.20 USD

2023-04-11 * "Cafe Modagor" "Eating out with Natasha"
  Liabilities:US:Chase:Slate                       -17.73 USD
  Expenses:Food:Restaurant                          17.73 USD

2023-04-12 balance Liabilities:US:Chase:Slate      -43.93 USD

2023-04-14 * "Good Moods Market" "Buying groceries"
  Liabilities:US:Chase:Slate                       -62.04 USD
  Expenses:Food:Groceries                           62.04 USD

2023-04-15 * "Chichipotle" "Eating out "
  Liabilities:US:Chase:Slate                       -21.91 USD
  Expenses:Food:Restaurant                          21.91 USD

2023-04-20 * "Goba Goba" "Eating out "
  Liabilities:US:Chase:Slate                       -28.98 USD
  Expenses:Food:Restaurant                          28.98 USD

2023-04-22 * "China Garden" "Eating out with Bill"
  Liabilities:US:Chase:Slate                       -21.88 USD
  Expenses:Food:Restaurant                          21.88 USD

2023-04-24 * "Goba Goba" "Eating out "
  Liabilities:US:Chase:Slate                       -20.22 USD
  Expenses:Food:Restaurant                          20.22 USD

2023-04-28 * "Goba Goba" "Eating out with work buddies"
  Liabilities:US:Chase:Slate                       -22.33 USD
  Expenses:Food:Restaurant                          22.33 USD

2023-04-30 * "Metro Transport Authority" "Tram tickets"
  Liabilities:US:Chase:Slate                      -120.00 USD
  Expenses:Transport:Tram                          120.00 USD

2023-05-03 * "Kin Soy" "Eating out with Bill"
  Liabilities:US:Chase:Slate                       -25.96 USD
  Expenses:Food:Restaurant                          25.96 USD

2023-05-03 * "Onion Market" "Buying groceries"
  Liabilities:US:Chase:Slate                      -104.72 USD
  Expenses:Food:Groceries                          104.72 USD

2023-05-04 balance Liabilities:US:Chase:Slate     -471.97 USD

2023-05-04 * "Rose Flower" "Eating out with Julie"
  Liabilities:US:Chase:Slate                       -40.03 USD
  Expenses:Food:Restaurant                          40.03 USD

2023-05-05 * "Cafe Modagor" "Eating out with work buddies"
  Liabilities:US:Chase:Slate                       -28.55 USD
  Expenses:Food:Restaurant                          28.55 USD

2023-05-07 * "Chase:Slate" "Paying off credit card"
  Liabilities:US:Chase:Slate                       564.26 USD
  Assets:US:BofA:Checking                         -564.26 USD

2023-05-10 * "China Garden" "Eating out with Joe"
  Liabilities:US:Chase:Slate                       -23.71 USD
  Expenses:Food:Restaurant                          23.71 USD

2023-05-12 * "Rose Flower" "Eating out with Joe"
  Liabilities:US:Chase:Slate                       -24.76 USD
  Expenses:Food:Restaurant                          24.76 USD

2023-05-13 * "Corner Deli" "Buying groceries"
  Liabilities:US:Chase:Slate                       -79.63 USD
  Expenses:Food:Groceries                           79.63 USD

2023-05-14 * "Kin Soy" "Eating out "
  Liabilities:US:Chase:Slate                       -13.30 USD
  Expenses:Food:Restaurant                          13.30 USD

2023-05-17 * "Goba Goba" "Eating out with work buddies"
  Liabilities:US:Chase:Slate                       -24.47 USD
  Expenses:Food:Restaurant                          24.47 USD

2023-05-20 * "Goba Goba" "Eating out with Natasha"
  Liabilities:US:Chase:Slate                       -20.41 USD
  Expenses:Food:Restaurant                          20.41 USD

2023-05-20 * "Onion Market" "Buying groceries"
  Liabilities:US:Chase:Slate                       -77.96 USD
  Expenses:Food:Groceries                           77.96 USD

2023-05-21 * "Uncle Boons" "Eating out with Natasha"
  Liabilities:US:Chase:Slate                       -19.33 USD
  Expenses:Food:Restaurant                          19.33 USD

2023-05-24 * "Kin Soy" "Eating out with Joe"
  Liabilities:US:Chase:Slate                       -35.01 USD
  Expenses:Food:Restaurant                          35.01 USD

2023-05-28 * "Chichipotle" "Eating out with work buddies"
  Liabilities:US:Chase:Slate                       -25.64 USD
  Expenses:Food:Restaurant                          25.64 USD

2023-05-29 balance Liabilities:US:Chase:Slate     -320.51 USD

2023-05-31 * "Metro Transport Authority" "Tram tickets"
  Liabilities:US:Chase:Slate                      -120.00 USD
  Expenses:Transport:Tram                          120.00 USD

2023-06-02 * "Rose Flower" "Eating out "
  Liabilities:US:Chase:Slate                       -52.83 USD
  Expenses:Food:Restaurant                          52.83 USD

2023-06-04 * "Goba Goba" "Eating out after work"
  Liabilities:US:Chase:Slate                       -27.09 USD
  Expenses:Food:Restaurant                          27.09 USD

2023-06-07 * "Cafe Modagor" "Eating out with Bill"
  Liabilities:US:Chase:Slate                       -37.90 USD
  Expenses:Food:Restaurant                          37.90 USD

2023-06-07 * "Chase:Slate" "Paying off credit card"
  Liabilities:US:Chase:Slate                       558.33 USD
  Assets:US:BofA:Checking                         -558.33 USD

2023-06-08 * "Good Moods Market" "Buying groceries"
  Liabilities:US:Chase:Slate                       -81.96 USD
  Expenses:Food:Groceries                           81.96 USD

2023-06-11 * "Jewel of Morroco" "Eating out after work"
  Liabilities:US:Chase:Slate                       -14.69 USD
  Expenses:Food:Restaurant                          14.69 USD

2023-06-15 * "Goba Goba" "Eating out after work"
  Liabilities:US:Chase:Slate                       -31.54 USD
  Expenses:Food:Restaurant                          31.54 USD

2023-06-20 * "Goba Goba" "Eating out with Joe"
  Liabilities:US:Chase:Slate                       -25.31 USD
  Expenses:Food:Restaurant                          25.31 USD

2023-06-22 * "Rose Flower" "Eating out with Julie"
  Liabilities:US:Chase:Slate                       -33.02 USD
  Expenses:Food:Restaurant                          33.02 USD

2023-06-25 * "Uncle Boons" "Eating out with Bill"
  Liabilities:US:Chase:Slate                       -26.65 USD
  Expenses:Food:Restaurant                          26.65 USD

2023-06-25 * "Good Moods Market" "Buying groceries"
  Liabilities:US:Chase:Slate                       -58.27 USD
  Expenses:Food:Groceries                           58.27 USD

2023-06-26 * "Cafe Modagor" "Eating out after work"
  Liabilities:US:Chase:Slate                       -14.69 USD
  Expenses:Food:Restaurant                          14.69 USD

2023-06-27 balance Liabilities:US:Chase:Slate     -286.13 USD

2023-06-29 * "Kin Soy" "Eating out after work"
  Liabilities:US:Chase:Slate                       -50.84 USD
  Expenses:Food:Restaurant                          50.84 USD

2023-06-30 * "Onion Market" "Buying groceries"
  Liabilities:US:Chase:Slate                       -81.40 USD
  Expenses:Food:Groceries                           81.40 USD

2023-07-01 * "Metro Transport Authority" "Tram tickets"
  Liabilities:US:Chase:Slate                      -120.00 USD
  Expenses:Transport:Tram                          120.00 USD

2023-07-04 * "China Garden" "Eating out with Julie"
  Liabilities:US:Chase:Slate                       -21.15 USD
  Expenses:Food:Restaurant                          21.15 USD

2023-07-06 * "Kin Soy" "Eating out alone"
  Liabilities:US:Chase:Slate                       -26.82 USD
  Expenses:Food:Restaurant                          26.82 USD

2023-07-07 * "Uncle Boons" "Eating out with Natasha"
  Liabilities:US:Chase:Slate                       -37.76 USD
  Expenses:Food:Restaurant                          37.76 USD

2023-07-11 * "Uncle Boons" "Eating out with work buddies"
  Liabilities:US:Chase:Slate                       -45.83 USD
  Expenses:Food:Restaurant                          45.83 USD

2023-07-11 * "Farmer Fresh" "Buying groceries"
  Liabilities:US:Chase:Slate                       -39.90 USD
  Expenses:Food:Groceries                           39.90 USD

2023-07-11 * "Chase:Slate" "Paying off credit card"
  Liabilities:US:Chase:Slate                       669.93 USD
  Assets:US:BofA:Checking                         -669.93 USD

2023-07-16 * "Rose Flower" "Eating out after work"
  Liabilities:US:Chase:Slate                       -67.92 USD
  Expenses:Food:Restaurant                          67.92 USD

2023-07-17 * "Goba Goba" "Eating out alone"
  Liabilities:US:Chase:Slate                       -19.81 USD
  Expenses:Food:Restaurant                          19.81 USD

2023-07-21 * "Uncle Boons" "Eating out "
  Liabilities:US:Chase:Slate                       -21.15 USD
  Expenses:Food:Restaurant                          21.15 USD

2023-07-21 * "Farmer Fresh" "Buying groceries"
  Liabilities:US:Chase:Slate                       -70.33 USD
  Expenses:Food:Groceries                           70.33 USD

2023-07-24 * "Goba Goba" "Eating out "
  Liabilities:US:Chase:Slate                       -40.88 USD
  Expenses:Food:Restaurant                          40.88 USD

2023-07-25 balance Liabilities:US:Chase:Slate     -259.99 USD

2023-07-25 * "Uncle Boons" "Eating out with Julie"
  Liabilities:US:Chase:Slate                       -16.09 USD
  Expenses:Food:Restaurant                          16.09 USD

2023-07-30 * "Uncle Boons" "Eating out alone"
  Liabilities:US:Chase:Slate                       -48.31 USD
  Expenses:Food:Restaurant                          48.31 USD

2023-07-30 * "Good Moods Market" "Buying groceries"
  Liabilities:US:Chase:Slate                       -90.93 USD
  Expenses:Food:Groceries                           90.93 USD

2023-07-30 * "Metro Transport Authority" "Tram tickets"
  Liabilities:US:Chase:Slate                      -120.00 USD
  Expenses:Transport:Tram                          120.00 USD

2023-08-03 * "Uncle Boons" "Eating out alone"
  Liabilities:US:Chase:Slate                       -14.19 USD
  Expenses:Food:Restaurant                          14.19 USD

2023-08-07 * "China Garden" "Eating out with work buddies"
  Liabilities:US:Chase:Slate                       -28.14 USD
  Expenses:Food:Restaurant                          28.14 USD

2023-08-09 * "Chase:Slate" "Paying off credit card"
  Liabilities:US:Chase:Slate                       608.85 USD
  Assets:US:BofA:Checking                         -608.85 USD

2023-08-11 * "Chichipotle" "Eating out with Joe"
  Liabilities:US:Chase:Slate                       -31.20 USD
  Expenses:Food:Restaurant                          31.20 USD

2023-08-15 * "Onion Market" "Buying groceries"
  Liabilities:US:Chase:Slate                       -64.88 USD
  Expenses:Food:Groceries                           64.88 USD

2023-08-16 * "Rose Flower" "Eating out with work buddies"
  Liabilities:US:Chase:Slate                       -36.51 USD
  Expenses:Food:Restaurant                          36.51 USD

2023-08-18 * "Cafe Modagor" "Eating out alone"
  Liabilities:US:Chase:Slate                       -40.87 USD
  Expenses:Food:Restaurant                          40.87 USD

2023-08-22 * "Corner Deli" "Buying groceries"
  Liabilities:US:Chase:Slate                       -91.80 USD
  Expenses:Food:Groceries                           91.80 USD

2023-08-23 * "Chichipotle" "Eating out with Bill"
  Liabilities:US:Chase:Slate                       -25.56 USD
  Expenses:Food:Restaurant                          25.56 USD

2023-08-24 balance Liabilities:US:Chase:Slate     -259.62 USD

2023-08-26 * "Uncle Boons" "Eating out with work buddies"
  Liabilities:US:Chase:Slate                       -36.61 USD
  Expenses:Food:Restaurant                          36.61 USD

2023-08-27 * "Cafe Modagor" "Eating out after work"
  Liabilities:US:Chase:Slate                       -26.51 USD
  Expenses:Food:Restaurant                          26.51 USD

2023-08-29 * "China Garden" "Eating out with Julie"
  Liabilities:US:Chase:Slate                       -42.78 USD
  Expenses:Food:Restaurant                          42.78 USD

2023-08-29 * "Metro Transport Authority" "Tram tickets"
  Liabilities:US:Chase:Slate                      -120.00 USD
  Expenses:Transport:Tram                          120.00 USD

2023-09-01 * "Jewel of Morroco" "Eating out with work buddies"
  Liabilities:US:Chase:Slate                       -43.35 USD
  Expenses:Food:Restaurant                          43.35 USD

2023-09-05 * "Corner Deli" "Buying groceries"
  Liabilities:US:Chase:Slate                       -99.30 USD
  Expenses:Food:Groceries                           99.30 USD

2023-09-06 * "China Garden" "Eating out with Julie"
  Liabilities:US:Chase:Slate                       -42.16 USD
  Expenses:Food:Restaurant                          42.16 USD

2023-09-07 * "Kin Soy" "Eating out with work buddies"
  Liabilities:US:Chase:Slate                       -21.73 USD
  Expenses:Food:Restaurant                          21.73 USD

2023-09-09 * "Chase:Slate" "Paying off credit card"
  Liabilities:US:Chase:Slate                       712.63 USD
  Assets:US:BofA:Checking                         -712.63 USD

2023-09-11 * "Cafe Modagor" "Eating out with work buddies"
  Liabilities:US:Chase:Slate                       -20.57 USD
  Expenses:Food:Restaurant                          20.57 USD

2023-09-12 * "Uncle Boons" "Eating out "
  Liabilities:US:Chase:Slate                       -44.76 USD
  Expenses:Food:Restaurant                          44.76 USD

2023-09-15 * "Chichipotle" "Eating out with Joe"
  Liabilities:US:Chase:Slate                       -26.36 USD
  Expenses:Food:Restaurant                          26.36 USD

2023-09-17 * "China Garden" "Eating out with Bill"
  Liabilities:US:Chase:Slate                       -61.49 USD
  Expenses:Food:Restaurant                          61.49 USD

2023-09-20 * "Kin Soy" "Eating out with Natasha"
  Liabilities:US:Chase:Slate                       -17.99 USD
  Expenses:Food:Restaurant                          17.99 USD

2023-09-23 balance Liabilities:US:Chase:Slate     -150.60 USD

2023-09-23 * "Corner Deli" "Buying groceries"
  Liabilities:US:Chase:Slate                       -60.30 USD
  Expenses:Food:Groceries                           60.30 USD

2023-09-25 * "Goba Goba" "Eating out after work"
  Liabilities:US:Chase:Slate                       -34.57 USD
  Expenses:Food:Restaurant                          34.57 USD

2023-09-29 * "Goba Goba" "Eating out with Natasha"
  Liabilities:US:Chase:Slate                       -23.92 USD
  Expenses:Food:Restaurant                          23.92 USD

2023-09-29 * "Metro Transport Authority" "Tram tickets"
  Liabilities:US:Chase:Slate                      -120.00 USD
  Expenses:Transport:Tram                          120.00 USD

2023-10-01 event "location" "Chicago"

2023-10-02 * "Star of Siam" "" #trip-chicago-2023
  Liabilities:US:Chase:Slate                       -21.61 USD
  Expenses:Food:Restaurant                          21.61 USD

2023-10-02 * "Mercadito" "" #trip-chicago-2023
  Liabilities:US:Chase:Slate                       -35.44 USD
  Expenses:Food:Restaurant                          35.44 USD

2023-10-02 * "Eataly Chicago" "" #trip-chicago-2023
  Liabilities:US:Chase:Slate                       -22.77 USD
  Expenses:Food:Restaurant                          22.77 USD

2023-10-02 * "Argo Tea" "" #trip-chicago-2023
  Liabilities:US:Chase:Slate                        -5.41 USD
  Expenses:Food:Coffee                               5.41 USD

2023-10-03 * "25 Degrees Burger Bar" "" #trip-chicago-2023
  Liabilities:US:Chase:Slate                       -18.89 USD
  Expenses:Food:Restaurant                          18.89 USD

2023-10-03 * "Argo Tea" "" #trip-chicago-2023
  Liabilities:US:Chase:Slate                        -5.28 USD
  Expenses:Food:Coffee                               5.28 USD

2023-10-05 * "Mercadito" "" #trip-chicago-2023
  Liabilities:US:Chase:Slate                       -43.91 USD
  Expenses:Food:Restaurant                          43.91 USD

2023-10-05 * "25 Degrees Burger Bar" "" #trip-chicago-2023
  Liabilities:US:Chase:Slate                       -15.11 USD
  Expenses:Food:Restaurant                          15.11 USD

2023-10-07 * "Another Sports Pub" "" #trip-chicago-2023
  Liabilities:US:Chase:Slate                       -10.16 USD
  Expenses:Food:Alcohol                             10.16 USD

2023-10-07 * "Argo Tea" "" #trip-chicago-2023
  Liabilities:US:Chase:Slate                        -5.04 USD
  Expenses:Food:Coffee                               5.04 USD

2023-10-07 * "Chase:Slate" "Paying off credit card"
  Liabilities:US:Chase:Slate                       404.98 USD
  Assets:US:BofA:Checking                         -404.98 USD

2023-10-08 * "25 Degrees Burger Bar" "" #trip-chicago-2023
  Liabilities:US:Chase:Slate                       -22.00 USD
  Expenses:Food:Restaurant                          22.00 USD

2023-10-08 * "Eataly Chicago" "" #trip-chicago-2023
  Liabilities:US:Chase:Slate                       -48.81 USD
  Expenses:Food:Restaurant                          48.81 USD

2023-10-09 * "Star of Siam" "" #trip-chicago-2023
  Liabilities:US:Chase:Slate                       -20.49 USD
  Expenses:Food:Restaurant                          20.49 USD

2023-10-09 * "25 Degrees Burger Bar" "" #trip-chicago-2023
  Liabilities:US:Chase:Slate                       -24.75 USD
  Expenses:Food:Restaurant                          24.75 USD

2023-10-10 * "Star of Siam" "" #trip-chicago-2023
  Liabilities:US:Chase:Slate                       -26.56 USD
  Expenses:Food:Restaurant                          26.56 USD

2023-10-10 * "Mercadito" "" #trip-chicago-2023
  Liabilities:US:Chase:Slate                       -35.00 USD
  Expenses:Food:Restaurant                          35.00 USD

2023-10-10 * "Another Sports Pub" "" #trip-chicago-2023
  Liabilities:US:Chase:Slate                       -11.52 USD
  Expenses:Food:Alcohol                             11.52 USD

2023-10-11 * "Mercadito" "" #trip-chicago-2023
  Liabilities:US:Chase:Slate                       -41.37 USD
  Expenses:Food:Restaurant                          41.37 USD

2023-10-11 * "Argo Tea" "" #trip-chicago-2023
  Liabilities:US:Chase:Slate                        -5.08 USD
  Expenses:Food:Coffee                               5.08 USD

2023-10-11 * "Consume vacation days"
  Assets:US:Hooli:Vacation                            -80 VACHR
  Expenses:Vacation                                    80 VACHR

2023-10-11 event "location" "New Metropolis"

2023-10-14 * "Cafe Modagor" "Eating out after work"
  Liabilities:US:Chase:Slate                       -15.59 USD
  Expenses:Food:Restaurant                          15.59 USD

2023-10-19 balance Liabilities:US:Chase:Slate     -419.20 USD

2023-10-19 * "Goba Goba" "Eating out alone"
  Liabilities:US:Chase:Slate                       -69.81 USD
  Expenses:Food:Restaurant                          69.81 USD

2023-10-20 * "Cafe Modagor" "Eating out with work buddies"
  Liabilities:US:Chase:Slate                       -19.92 USD
  Expenses:Food:Restaurant                          19.92 USD

2023-10-23 * "China Garden" "Eating out with Julie"
  Liabilities:US:Chase:Slate                       -35.20 USD
  Expenses:Food:Restaurant                          35.20 USD

2023-10-24 * "Corner Deli" "Buying groceries"
  Liabilities:US:Chase:Slate                       -96.79 USD
  Expenses:Food:Groceries                           96.79 USD

2023-10-28 * "Chichipotle" "Eating out alone"
  Liabilities:US:Chase:Slate                       -34.06 USD
  Expenses:Food:Restaurant                          34.06 USD

2023-10-28 * "Metro Transport Authority" "Tram tickets"
  Liabilities:US:Chase:Slate                      -120.00 USD
  Expenses:Transport:Tram                          120.00 USD

2023-10-29 * "Goba Goba" "Eating out after work"
  Liabilities:US:Chase:Slate                       -39.61 USD
  Expenses:Food:Restaurant                          39.61 USD

2023-11-02 * "Uncle Boons" "Eating out with Bill"
  Liabilities:US:Chase:Slate                       -51.22 USD
  Expenses:Food:Restaurant                          51.22 USD

2023-11-05 * "Goba Goba" "Eating out alone"
  Liabilities:US:Chase:Slate                       -23.38 USD
  Expenses:Food:Restaurant                          23.38 USD

2023-11-06 * "Corner Deli" "Buying groceries"
  Liabilities:US:Chase:Slate                       -80.31 USD
  Expenses:Food:Groceries                           80.31 USD

2023-11-10 balance Liabilities:US:Chase:Slate     -989.50 USD

2023-11-10 * "Kin Soy" "Eating out with Bill"
  Liabilities:US:Chase:Slate                       -30.40 USD
  Expenses:Food:Restaurant                          30.40 USD

2023-11-11 * "Chase:Slate" "Paying off credit card"
  Liabilities:US:Chase:Slate                       647.91 USD
  Assets:US:BofA:Checking                         -647.91 USD

2023-11-15 * "Kin Soy" "Eating out with Bill"
  Liabilities:US:Chase:Slate                       -47.21 USD
  Expenses:Food:Restaurant                          47.21 USD

2023-11-20 * "China Garden" "Eating out alone"
  Liabilities:US:Chase:Slate                       -39.24 USD
  Expenses:Food:Restaurant                          39.24 USD

2023-11-21 * "Goba Goba" "Eating out after work"
  Liabilities:US:Chase:Slate                       -23.36 USD
  Expenses:Food:Restaurant                          23.36 USD

2023-11-22 * "Farmer Fresh" "Buying groceries"
  Liabilities:US:Chase:Slate                      -146.25 USD
  Expenses:Food:Groceries                          146.25 USD

2023-11-24 * "Metro Transport Authority" "Tram tickets"
  Liabilities:US:Chase:Slate                      -120.00 USD
  Expenses:Transport:Tram                          120.00 USD

2023-11-26 * "Cafe Modagor" "Eating out with Julie"
  Liabilities:US:Chase:Slate                       -40.12 USD
  Expenses:Food:Restaurant                          40.12 USD

2023-11-30 * "Kin Soy" "Eating out alone"
  Liabilities:US:Chase:Slate                       -31.83 USD
  Expenses:Food:Restaurant                          31.83 USD

2023-12-01 * "Goba Goba" "Eating out with Natasha"
  Liabilities:US:Chase:Slate                       -47.94 USD
  Expenses:Food:Restaurant                          47.94 USD

2023-12-01 * "Good Moods Market" "Buying groceries"
  Liabilities:US:Chase:Slate                       -87.71 USD
  Expenses:Food:Groceries                           87.71 USD

2023-12-03 * "Jewel of Morroco" "Eating out after work"
  Liabilities:US:Chase:Slate                       -30.35 USD
  Expenses:Food:Restaurant                          30.35 USD

2023-12-04 balance Liabilities:US:Chase:Slate     -986.00 USD

2023-12-06 * "Rose Flower" "Eating out with work buddies"
  Liabilities:US:Chase:Slate                       -12.14 USD
  Expenses:Food:Restaurant                          12.14 USD

2023-12-07 * "Chase:Slate" "Paying off credit card"
  Liabilities:US:Chase:Slate                       612.84 USD
  Assets:US:BofA:Checking                         -612.84 USD

2023-12-08 * "Jewel of Morroco" "Eating out alone"
  Liabilities:US:Chase:Slate                       -33.90 USD
  Expenses:Food:Restaurant                          33.90 USD

2023-12-10 * "Good Moods Market" "Buying groceries"
  Liabilities:US:Chase:Slate                       -67.40 USD
  Expenses:Food:Groceries                           67.40 USD

2023-12-13 * "Uncle Boons" "Eating out "
  Liabilities:US:Chase:Slate                       -23.63 USD
  Expenses:Food:Restaurant                          23.63 USD

2023-12-16 * "Rose Flower" "Eating out with work buddies"
  Liabilities:US:Chase:Slate                       -24.49 USD
  Expenses:Food:Restaurant                          24.49 USD

2023-12-18 * "Jewel of Morroco" "Eating out alone"
  Liabilities:US:Chase:Slate                       -51.63 USD
  Expenses:Food:Restaurant                          51.63 USD

2023-12-19 * "Corner Deli" "Buying groceries"
  Liabilities:US:Chase:Slate                       -75.45 USD
  Expenses:Food:Groceries                           75.45 USD

2023-12-20 * "Goba Goba" "Eating out with Joe"
  Liabilities:US:Chase:Slate                       -38.49 USD
  Expenses:Food:Restaurant                          38.49 USD

2023-12-21 * "Chichipotle" "Eating out with Natasha"
  Liabilities:US:Chase:Slate                       -34.84 USD
  Expenses:Food:Restaurant                          34.84 USD

2023-12-23 * "Metro Transport Authority" "Tram tickets"
  Liabilities:US:Chase:Slate                      -120.00 USD
  Expenses:Transport:Tram                          120.00 USD

2023-12-25 balance Liabilities:US:Chase:Slate     -855.13 USD

2023-12-26 * "China Garden" "Eating out with Bill"
  Liabilities:US:Chase:Slate                       -27.13 USD
  Expenses:Food:Restaurant                          27.13 USD

2023-12-29 * "Chichipotle" "Eating out with Julie"
  Liabilities:US:Chase:Slate                       -27.87 USD
  Expenses:Food:Restaurant                          27.87 USD

2024-01-01 * "Goba Goba" "Eating out alone"
  Liabilities:US:Chase:Slate                       -37.54 USD
  Expenses:Food:Restaurant                          37.54 USD

2024-01-03 * "Farmer Fresh" "Buying groceries"
  Liabilities:US:Chase:Slate                       -72.51 USD
  Expenses:Food:Groceries                           72.51 USD

2024-01-05 * "Chichipotle" "Eating out with Julie"
  Liabilities:US:Chase:Slate                       -25.24 USD
  Expenses:Food:Restaurant                          25.24 USD

2024-01-10 * "Rose Flower" "Eating out "
  Liabilities:US:Chase:Slate                       -19.38 USD
  Expenses:Food:Restaurant                          19.38 USD

2024-01-10 * "Farmer Fresh" "Buying groceries"
  Liabilities:US:Chase:Slate                      -129.52 USD
  Expenses:Food:Groceries                          129.52 USD

2024-01-11 * "Chase:Slate" "Paying off credit card"
  Liabilities:US:Chase:Slate                       792.99 USD
  Assets:US:BofA:Checking                         -792.99 USD

2024-01-12 * "Chichipotle" "Eating out with Joe"
  Liabilities:US:Chase:Slate                       -17.87 USD
  Expenses:Food:Restaurant                          17.87 USD

2024-01-13 * "Rose Flower" "Eating out alone"
  Liabilities:US:Chase:Slate                       -16.63 USD
  Expenses:Food:Restaurant                          16.63 USD

2024-01-14 * "Cafe Modagor" "Eating out alone"
  Liabilities:US:Chase:Slate                       -37.47 USD
  Expenses:Food:Restaurant                          37.47 USD

2024-01-16 * "Uncle Boons" "Eating out "
  Liabilities:US:Chase:Slate                       -19.32 USD
  Expenses:Food:Restaurant                          19.32 USD

2024-01-16 * "Onion Market" "Buying groceries"
  Liabilities:US:Chase:Slate                       -82.86 USD
  Expenses:Food:Groceries                           82.86 USD

2024-01-20 * "China Garden" "Eating out after work"
  Liabilities:US:Chase:Slate                       -18.87 USD
  Expenses:Food:Restaurant                          18.87 USD

2024-01-21 balance Liabilities:US:Chase:Slate     -594.35 USD

2024-01-21 * "Corner Deli" "Buying groceries"
  Liabilities:US:Chase:Slate                       -66.33 USD
  Expenses:Food:Groceries                           66.33 USD

2024-01-23 * "Kin Soy" "Eating out with Julie"
  Liabilities:US:Chase:Slate                       -35.34 USD
  Expenses:Food:Restaurant                          35.34 USD

2024-01-24 * "Metro Transport Authority" "Tram tickets"
  Liabilities:US:Chase:Slate                      -120.00 USD
  Expenses:Transport:Tram                          120.00 USD

2024-01-25 * "Goba Goba" "Eating out after work"
  Liabilities:US:Chase:Slate                       -30.68 USD
  Expenses:Food:Restaurant                          30.68 USD

2024-01-26 * "Goba Goba" "Eating out with Julie"
  Liabilities:US:Chase:Slate                       -35.36 USD
  Expenses:Food:Restaurant                          35.36 USD

2024-01-29 * "Rose Flower" "Eating out "
  Liabilities:US:Chase:Slate                       -46.61 USD
  Expenses:Food:Restaurant                          46.61 USD

2024-01-29 * "Farmer Fresh" "Buying groceries"
  Liabilities:US:Chase:Slate                       -85.26 USD
  Expenses:Food:Groceries                           85.26 USD

2024-01-30 * "Uncle Boons" "Eating out with Bill"
  Liabilities:US:Chase:Slate                       -38.91 USD
  Expenses:Food:Restaurant                          38.91 USD

2024-02-02 * "Jewel of Morroco" "Eating out after work"
  Liabilities:US:Chase:Slate                       -21.20 USD
  Expenses:Food:Restaurant                          21.20 USD

2024-02-07 * "Rose Flower" "Eating out "
  Liabilities:US:Chase:Slate                       -27.02 USD
  Expenses:Food:Restaurant                          27.02 USD

2024-02-07 * "Chase:Slate" "Paying off credit card"
  Liabilities:US:Chase:Slate                       681.86 USD
  Assets:US:BofA:Checking                         -681.86 USD

2024-02-11 * "Cafe Modagor" "Eating out alone"
  Liabilities:US:Chase:Slate                       -18.76 USD
  Expenses:Food:Restaurant                          18.76 USD

2024-02-13 * "Good Moods Market" "Buying groceries"
  Liabilities:US:Chase:Slate                       -72.36 USD
  Expenses:Food:Groceries                           72.36 USD

2024-02-14 * "Jewel of Morroco" "Eating out with work buddies"
  Liabilities:US:Chase:Slate                       -36.22 USD
  Expenses:Food:Restaurant                          36.22 USD

2024-02-16 * "Cafe Modagor" "Eating out alone"
  Liabilities:US:Chase:Slate                       -34.63 USD
  Expenses:Food:Restaurant                          34.63 USD

2024-02-17 balance Liabilities:US:Chase:Slate     -581.17 USD

2024-02-19 * "Jewel of Morroco" "Eating out "
  Liabilities:US:Chase:Slate                       -32.06 USD
  Expenses:Food:Restaurant                          32.06 USD

2024-02-22 * "Jewel of Morroco" "Eating out "
  Liabilities:US:Chase:Slate                       -28.41 USD
  Expenses:Food:Restaurant                          28.41 USD

2024-02-23 * "Metro Transport Authority" "Tram tickets"
  Liabilities:US:Chase:Slate                      -120.00 USD
  Expenses:Transport:Tram                          120.00 USD

2024-02-24 * "Corner Deli" "Buying groceries"
  Liabilities:US:Chase:Slate                       -59.82 USD
  Expenses:Food:Groceries                           59.82 USD

2024-02-26 * "Jewel of Morroco" "Eating out with Joe"
  Liabilities:US:Chase:Slate                       -36.30 USD
  Expenses:Food:Restaurant                          36.30 USD

2024-02-28 * "Goba Goba" "Eating out after work"
  Liabilities:US:Chase:Slate                       -44.68 USD
  Expenses:Food:Restaurant                          44.68 USD

2024-03-02 * "Goba Goba" "Eating out with Julie"
  Liabilities:US:Chase:Slate                       -53.47 USD
  Expenses:Food:Restaurant                          53.47 USD

2024-03-03 * "Corner Deli" "Buying groceries"
  Liabilities:US:Chase:Slate                       -83.59 USD
  Expenses:Food:Groceries                           83.59 USD

2024-03-04 * "Jewel of Morroco" "Eating out with Natasha"
  Liabilities:US:Chase:Slate                       -31.76 USD
  Expenses:Food:Restaurant                          31.76 USD

2024-03-06 * "Kin Soy" "Eating out with Julie"
  Liabilities:US:Chase:Slate                       -26.98 USD
  Expenses:Food:Restaurant                          26.98 USD

2024-03-09 * "Good Moods Market" "Buying groceries"
  Liabilities:US:Chase:Slate                       -78.79 USD
  Expenses:Food:Groceries                           78.79 USD

2024-03-10 balance Liabilities:US:Chase:Slate    -1177.03 USD

2024-03-11 * "Jewel of Morroco" "Eating out with Natasha"
  Liabilities:US:Chase:Slate                       -13.24 USD
  Expenses:Food:Restaurant                          13.24 USD

2024-03-11 * "Chase:Slate" "Paying off credit card"
  Liabilities:US:Chase:Slate                       771.07 USD
  Assets:US:BofA:Checking                         -771.07 USD

2024-03-12 * "Goba Goba" "Eating out after work"
  Liabilities:US:Chase:Slate                       -17.82 USD
  Expenses:Food:Restaurant                          17.82 USD

2024-03-16 * "Rose Flower" "Eating out after work"
  Liabilities:US:Chase:Slate                       -33.27 USD
  Expenses:Food:Restaurant                          33.27 USD

2024-03-20 * "Goba Goba" "Eating out with work buddies"
  Liabilities:US:Chase:Slate                       -60.45 USD
  Expenses:Food:Restaurant                          60.45 USD

2024-03-20 * "Farmer Fresh" "Buying groceries"
  Liabilities:US:Chase:Slate                      -109.79 USD
  Expenses:Food:Groceries                          109.79 USD

2024-03-24 * "Chichipotle" "Eating out after work"
  Liabilities:US:Chase:Slate                       -27.81 USD
  Expenses:Food:Restaurant                          27.81 USD

2024-03-26 * "Metro Transport Authority" "Tram tickets"
  Liabilities:US:Chase:Slate                      -120.00 USD
  Expenses:Transport:Tram                          120.00 USD

2024-03-27 * "Chichipotle" "Eating out with Natasha"
  Liabilities:US:Chase:Slate                       -30.48 USD
  Expenses:Food:Restaurant                          30.48 USD

2024-03-29 * "Uncle Boons" "Eating out with work buddies"
  Liabilities:US:Chase:Slate                       -21.91 USD
  Expenses:Food:Restaurant                          21.91 USD

2024-04-01 * "Good Moods Market" "Buying groceries"
  Liabilities:US:Chase:Slate                       -86.17 USD
  Expenses:Food:Groceries                           86.17 USD

2024-04-03 * "Goba Goba" "Eating out with work buddies"
  Liabilities:US:Chase:Slate                       -31.43 USD
  Expenses:Food:Restaurant                          31.43 USD

2024-04-04 * "Cafe Modagor" "Eating out with work buddies"
  Liabilities:US:Chase:Slate                       -27.64 USD
  Expenses:Food:Restaurant                          27.64 USD

2024-04-05 balance Liabilities:US:Chase:Slate     -985.97 USD

2024-04-07 * "Chichipotle" "Eating out after work"
  Liabilities:US:Chase:Slate                       -23.35 USD
  Expenses:Food:Restaurant                          23.35 USD

2024-04-10 * "Chase:Slate" "Paying off credit card"
  Liabilities:US:Chase:Slate                       614.55 USD
  Assets:US:BofA:Checking                         -614.55 USD

2024-04-11 * "Kin Soy" "Eating out alone"
  Liabilities:US:Chase:Slate                       -24.43 USD
  Expenses:Food:Restaurant                          24.43 USD

2024-04-14 * "Cafe Modagor" "Eating out with work buddies"
  Liabilities:US:Chase:Slate                       -18.80 USD
  Expenses:Food:Restaurant                          18.80 USD

2024-04-17 * "Jewel of Morroco" "Eating out with Bill"
  Liabilities:US:Chase:Slate                       -49.95 USD
  Expenses:Food:Restaurant                          49.95 USD

2024-04-20 * "Jewel of Morroco" "Eating out with Julie"
  Liabilities:US:Chase:Slate                       -31.51 USD
  Expenses:Food:Restaurant                          31.51 USD

2024-04-21 * "Farmer Fresh" "Buying groceries"
  Liabilities:US:Chase:Slate                       -98.88 USD
  Expenses:Food:Groceries                           98.88 USD

2024-04-23 * "Metro Transport Authority" "Tram tickets"
  Liabilities:US:Chase:Slate                      -120.00 USD
  Expenses:Transport:Tram                          120.00 USD

2024-04-24 * "Uncle Boons" "Eating out with Julie"
  Liabilities:US:Chase:Slate                       -15.51 USD
  Expenses:Food:Restaurant                          15.51 USD

2024-04-29 * "Rose Flower" "Eating out with Julie"
  Liabilities:US:Chase:Slate                       -25.12 USD
  Expenses:Food:Restaurant                          25.12 USD

2024-05-02 balance Liabilities:US:Chase:Slate     -778.97 USD

2024-05-02 * "Jewel of Morroco" "Eating out alone"
  Liabilities:US:Chase:Slate                       -31.91 USD
  Expenses:Food:Restaurant                          31.91 USD

2024-05-04 * "Onion Market" "Buying groceries"
  Liabilities:US:Chase:Slate                       -65.45 USD
  Expenses:Food:Groceries                           65.45 USD

2024-05-05 * "Jewel of Morroco" "Eating out with work buddies"
  Liabilities:US:Chase:Slate                       -34.08 USD
  Expenses:Food:Restaurant                          34.08 USD

2024-05-08 * "Chase:Slate" "Paying off credit card"
  Liabilities:US:Chase:Slate                       534.21 USD
  Assets:US:BofA:Checking                         -534.21 USD

2024-05-09 * "Chichipotle" "Eating out with Julie"
  Liabilities:US:Chase:Slate                       -43.00 USD
  Expenses:Food:Restaurant                          43.00 USD

2024-05-12 * "China Garden" "Eating out "
  Liabilities:US:Chase:Slate                       -24.70 USD
  Expenses:Food:Restaurant                          24.70 USD

2024-05-13 * "Farmer Fresh" "Buying groceries"
  Liabilities:US:Chase:Slate                      -100.77 USD
  Expenses:Food:Groceries                          100.77 USD

2024-05-16 * "Kin Soy" "Eating out with Natasha"
  Liabilities:US:Chase:Slate                       -22.10 USD
  Expenses:Food:Restaurant                          22.10 USD

2024-05-18 * "Goba Goba" "Eating out "
  Liabilities:US:Chase:Slate                       -27.29 USD
  Expenses:Food:Restaurant                          27.29 USD

2024-05-20 * "Metro Transport Authority" "Tram tickets"
  Liabilities:US:Chase:Slate                      -120.00 USD
  Expenses:Transport:Tram                          120.00 USD

2024-05-22 * "Rose Flower" "Eating out after work"
  Liabilities:US:Chase:Slate                       -20.04 USD
  Expenses:Food:Restaurant                          20.04 USD

2024-05-23 * "Goba Goba" "Eating out with Bill"
  Liabilities:US:Chase:Slate                       -33.76 USD
  Expenses:Food:Restaurant                          33.76 USD

2024-05-28 * "China Garden" "Eating out after work"
  Liabilities:US:Chase:Slate                       -24.98 USD
  Expenses:Food:Restaurant                          24.98 USD

2024-05-30 balance Liabilities:US:Chase:Slate     -792.84 USD

2024-05-31 * "Good Moods Market" "Buying groceries"
  Liabilities:US:Chase:Slate                       -63.13 USD
  Expenses:Food:Groceries                           63.13 USD

2024-06-02 * "Uncle Boons" "Eating out with Bill"
  Liabilities:US:Chase:Slate                       -29.90 USD
  Expenses:Food:Restaurant                          29.90 USD

2024-06-03 * "Goba Goba" "Eating out after work"
  Liabilities:US:Chase:Slate                       -33.71 USD
  Expenses:Food:Restaurant                          33.71 USD

2024-06-06 * "Kin Soy" "Eating out with work buddies"
  Liabilities:US:Chase:Slate                       -29.37 USD
  Expenses:Food:Restaurant                          29.37 USD

2024-06-06 * "Corner Deli" "Buying groceries"
  Liabilities:US:Chase:Slate                       -94.80 USD
  Expenses:Food:Groceries                           94.80 USD

2024-06-07 * "Chichipotle" "Eating out with Natasha"
  Liabilities:US:Chase:Slate                       -17.39 USD
  Expenses:Food:Restaurant                          17.39 USD

2024-06-07 * "Chase:Slate" "Paying off credit card"
  Liabilities:US:Chase:Slate                       641.94 USD
  Assets:US:BofA:Checking                         -641.94 USD

2024-06-08 * "Goba Goba" "Eating out with Julie"
  Liabilities:US:Chase:Slate                       -30.28 USD
  Expenses:Food:Restaurant                          30.28 USD

2024-06-09 * "Goba Goba" "Eating out with Joe"
  Liabilities:US:Chase:Slate                       -21.26 USD
  Expenses:Food:Restaurant                          21.26 USD

2024-06-14 * "Goba Goba" "Eating out after work"
  Liabilities:US:Chase:Slate                       -42.12 USD
  Expenses:Food:Restaurant                          42.12 USD

2024-06-18 * "China Garden" "Eating out "
  Liabilities:US:Chase:Slate                       -28.10 USD
  Expenses:Food:Restaurant                          28.10 USD

2024-06-22 * "Cafe Modagor" "Eating out alone"
  Liabilities:US:Chase:Slate                       -44.73 USD
  Expenses:Food:Restaurant                          44.73 USD

2024-06-22 * "Farmer Fresh" "Buying groceries"
  Liabilities:US:Chase:Slate                      -112.56 USD
  Expenses:Food:Groceries                          112.56 USD

2024-06-22 * "Metro Transport Authority" "Tram tickets"
  Liabilities:US:Chase:Slate                      -120.00 USD
  Expenses:Transport:Tram                          120.00 USD

2024-06-25 balance Liabilities:US:Chase:Slate     -818.25 USD

2024-06-26 * "Jewel of Morroco" "Eating out after work"
  Liabilities:US:Chase:Slate                       -20.41 USD
  Expenses:Food:Restaurant                          20.41 USD

2024-06-28 * "Chichipotle" "Eating out alone"
  Liabilities:US:Chase:Slate                       -20.58 USD
  Expenses:Food:Restaurant                          20.58 USD

2024-07-01 * "Uncle Boons" "Eating out after work"
  Liabilities:US:Chase:Slate                       -26.07 USD
  Expenses:Food:Restaurant                          26.07 USD

2024-07-01 * "Onion Market" "Buying groceries"
  Liabilities:US:Chase:Slate                       -82.90 USD
  Expenses:Food:Groceries                           82.90 USD

2024-07-03 * "Goba Goba" "Eating out with Bill"
  Liabilities:US:Chase:Slate                       -65.53 USD
  Expenses:Food:Restaurant                          65.53 USD

2024-07-06 * "Farmer Fresh" "Buying groceries"
  Liabilities:US:Chase:Slate                       -73.16 USD
  Expenses:Food:Groceries                           73.16 USD

2024-07-08 * "Uncle Boons" "Eating out with Julie"
  Liabilities:US:Chase:Slate                       -39.90 USD
  Expenses:Food:Restaurant                          39.90 USD

2024-07-08 * "Chase:Slate" "Paying off credit card"
  Liabilities:US:Chase:Slate                       727.60 USD
  Assets:US:BofA:Checking                         -727.60 USD

2024-07-09 * "China Garden" "Eating out after work"
  Liabilities:US:Chase:Slate                       -25.29 USD
  Expenses:Food:Restaurant                          25.29 USD

2024-07-13 * "China Garden" "Eating out with work buddies"
  Liabilities:US:Chase:Slate                       -26.29 USD
  Expenses:Food:Restaurant                          26.29 USD

2024-07-14 * "Chichipotle" "Eating out "
  Liabilities:US:Chase:Slate                       -42.08 USD
  Expenses:Food:Restaurant                          42.08 USD

2024-07-18 * "Jewel of Morroco" "Eating out with Natasha"
  Liabilities:US:Chase:Slate                       -31.14 USD
  Expenses:Food:Restaurant                          31.14 USD

2024-07-19 balance Liabilities:US:Chase:Slate     -544.00 USD

2024-07-21 * "China Garden" "Eating out with Bill"
  Liabilities:US:Chase:Slate                       -36.64 USD
  Expenses:Food:Restaurant                          36.64 USD

2024-07-24 * "Corner Deli" "Buying groceries"
  Liabilities:US:Chase:Slate                       -64.99 USD
  Expenses:Food:Groceries                           64.99 USD

2024-07-24 * "Metro Transport Authority" "Tram tickets"
  Liabilities:US:Chase:Slate                      -120.00 USD
  Expenses:Transport:Tram                          120.00 USD

2024-07-26 * "Kin Soy" "Eating out with Bill"
  Liabilities:US:Chase:Slate                       -35.76 USD
  Expenses:Food:Restaurant                          35.76 USD

2024-07-28 * "Jewel of Morroco" "Eating out with Julie"
  Liabilities:US:Chase:Slate                       -24.71 USD
  Expenses:Food:Restaurant                          24.71 USD

2024-08-02 * "Chichipotle" "Eating out with Joe"
  Liabilities:US:Chase:Slate                       -34.39 USD
  Expenses:Food:Restaurant                          34.39 USD

2024-08-07 * "Uncle Boons" "Eating out with Bill"
  Liabilities:US:Chase:Slate                       -10.07 USD
  Expenses:Food:Restaurant                          10.07 USD

2024-08-07 * "Chase:Slate" "Paying off credit card"
  Liabilities:US:Chase:Slate                       451.36 USD
  Assets:US:BofA:Checking                         -451.36 USD

2024-08-10 * "China Garden" "Eating out with Natasha"
  Liabilities:US:Chase:Slate                       -16.56 USD
  Expenses:Food:Restaurant                          16.56 USD

2024-08-11 balance Liabilities:US:Chase:Slate     -435.76 USD

2024-08-11 * "Jewel of Morroco" "Eating out with work buddies"
  Liabilities:US:Chase:Slate                       -18.49 USD
  Expenses:Food:Restaurant                          18.49 USD

2024-08-13 * "Good Moods Market" "Buying groceries"
  Liabilities:US:Chase:Slate                      -120.81 USD
  Expenses:Food:Groceries                          120.81 USD

2024-08-14 * "Jewel of Morroco" "Eating out with work buddies"
  Liabilities:US:Chase:Slate                       -15.89 USD
  Expenses:Food:Restaurant                          15.89 USD

2024-08-17 * "Jewel of Morroco" "Eating out after work"
  Liabilities:US:Chase:Slate                       -19.81 USD
  Expenses:Food:Restaurant                          19.81 USD

2024-08-21 * "Cafe Modagor" "Eating out with Natasha"
  Liabilities:US:Chase:Slate                       -44.14 USD
  Expenses:Food:Restaurant                          44.14 USD

2024-08-24 * "Metro Transport Authority" "Tram tickets"
  Liabilities:US:Chase:Slate                      -120.00 USD
  Expenses:Transport:Tram                          120.00 USD

2024-08-26 * "Jewel of Morroco" "Eating out with Julie"
  Liabilities:US:Chase:Slate                       -17.44 USD
  Expenses:Food:Restaurant                          17.44 USD

2024-08-29 * "Good Moods Market" "Buying groceries"
  Liabilities:US:Chase:Slate                       -69.96 USD
  Expenses:Food:Groceries                           69.96 USD

2024-08-31 * "China Garden" "Eating out with Bill"
  Liabilities:US:Chase:Slate                       -21.67 USD
  Expenses:Food:Restaurant                          21.67 USD

2024-09-01 * "Kin Soy" "Eating out "
  Liabilities:US:Chase:Slate                       -22.22 USD
  Expenses:Food:Restaurant                          22.22 USD

2024-09-03 * "Rose Flower" "Eating out with work buddies"
  Liabilities:US:Chase:Slate                       -31.06 USD
  Expenses:Food:Restaurant                          31.06 USD

2024-09-06 balance Liabilities:US:Chase:Slate     -937.25 USD

2024-09-06 * "Uncle Boons" "Eating out with Bill"
  Liabilities:US:Chase:Slate                       -52.30 USD
  Expenses:Food:Restaurant                          52.30 USD

2024-09-07 * "Rose Flower" "Eating out with Bill"
  Liabilities:US:Chase:Slate                       -31.24 USD
  Expenses:Food:Restaurant                          31.24 USD

2024-09-09 * "Chase:Slate" "Paying off credit card"
  Liabilities:US:Chase:Slate                       616.35 USD
  Assets:US:BofA:Checking                         -616.35 USD

2024-09-11 * "Uncle Boons" "Eating out after work"
  Liabilities:US:Chase:Slate                       -14.76 USD
  Expenses:Food:Restaurant                          14.76 USD

2024-09-12 * "Uncle Boons" "Eating out with Julie"
  Liabilities:US:Chase:Slate                       -39.21 USD
  Expenses:Food:Restaurant                          39.21 USD

2024-09-13 * "Good Moods Market" "Buying groceries"
  Liabilities:US:Chase:Slate                       -62.60 USD
  Expenses:Food:Groceries                           62.60 USD

2024-09-17 * "Goba Goba" "Eating out with Joe"
  Liabilities:US:Chase:Slate                       -25.72 USD
  Expenses:Food:Restaurant                          25.72 USD

2024-09-20 * "Jewel of Morroco" "Eating out with Natasha"
  Liabilities:US:Chase:Slate                       -52.78 USD
  Expenses:Food:Restaurant                          52.78 USD

2024-09-21 * "Rose Flower" "Eating out with Natasha"
  Liabilities:US:Chase:Slate                       -61.37 USD
  Expenses:Food:Restaurant                          61.37 USD

2024-09-22 * "Metro Transport Authority" "Tram tickets"
  Liabilities:US:Chase:Slate                      -120.00 USD
  Expenses:Transport:Tram                          120.00 USD

2024-09-24 * "Good Moods Market" "Buying groceries"
  Liabilities:US:Chase:Slate                      -117.04 USD
  Expenses:Food:Groceries                          117.04 USD

2024-09-25 * "Goba Goba" "Eating out alone"
  Liabilities:US:Chase:Slate                       -21.51 USD
  Expenses:Food:Restaurant                          21.51 USD

2024-09-28 * "Chichipotle" "Eating out "
  Liabilities:US:Chase:Slate                       -31.78 USD
  Expenses:Food:Restaurant                          31.78 USD

2024-09-29 * "Good Moods Market" "Buying groceries"
  Liabilities:US:Chase:Slate                       -92.58 USD
  Expenses:Food:Groceries                           92.58 USD

2024-10-03 * "Chichipotle" "Eating out with Joe"
  Liabilities:US:Chase:Slate                       -34.11 USD
  Expenses:Food:Restaurant                          34.11 USD

2024-10-04 balance Liabilities:US:Chase:Slate    -1077.90 USD

2024-10-04 * "Jewel of Morroco" "Eating out with work buddies"
  Liabilities:US:Chase:Slate                       -15.55 USD
  Expenses:Food:Restaurant                          15.55 USD

2024-10-07 * "Jewel of Morroco" "Eating out alone"
  Liabilities:US:Chase:Slate                       -22.16 USD
  Expenses:Food:Restaurant                          22.16 USD

2024-10-08 * "Chase:Slate" "Paying off credit card"
  Liabilities:US:Chase:Slate                       813.44 USD
  Assets:US:BofA:Checking                         -813.44 USD

2024-10-09 * "Corner Deli" "Buying groceries"
  Liabilities:US:Chase:Slate                      -117.03 USD
  Expenses:Food:Groceries                          117.03 USD

2024-10-10 * "Goba Goba" "Eating out alone"
  Liabilities:US:Chase:Slate                       -52.51 USD
  Expenses:Food:Restaurant                          52.51 USD

2024-10-15 * "Jewel of Morroco" "Eating out with Natasha"
  Liabilities:US:Chase:Slate                       -26.63 USD
  Expenses:Food:Restaurant                          26.63 USD

2024-10-16 * "Farmer Fresh" "Buying groceries"
  Liabilities:US:Chase:Slate                       -66.02 USD
  Expenses:Food:Groceries                           66.02 USD

2024-10-19 * "Metro Transport Authority" "Tram tickets"
  Liabilities:US:Chase:Slate                      -120.00 USD
  Expenses:Transport:Tram                          120.00 USD

2024-10-20 * "Chichipotle" "Eating out after work"
  Liabilities:US:Chase:Slate                       -31.69 USD
  Expenses:Food:Restaurant                          31.69 USD

2024-10-21 * "China Garden" "Eating out with Natasha"
  Liabilities:US:Chase:Slate                       -25.74 USD
  Expenses:Food:Restaurant                          25.74 USD

2024-10-21 * "Farmer Fresh" "Buying groceries"
  Liabilities:US:Chase:Slate                       -92.96 USD
  Expenses:Food:Groceries                           92.96 USD

2024-10-23 event "location" "New York"

2024-10-24 * "Uncle Boons" "" #trip-new-york-2024
  Liabilities:US:Chase:Slate                       -33.98 USD
  Expenses:Food:Restaurant                          33.98 USD

2024-10-24 * "Cafe Select" "" #trip-new-york-2024
  Liabilities:US:Chase:Slate                       -29.21 USD
  Expenses:Food:Restaurant                          29.21 USD

2024-10-24 * "Takahachi" "" #trip-new-york-2024
  Liabilities:US:Chase:Slate                       -55.05 USD
  Expenses:Food:Restaurant                          55.05 USD

2024-10-25 * "Laut" "" #trip-new-york-2024
  Liabilities:US:Chase:Slate                       -26.55 USD
  Expenses:Food:Restaurant                          26.55 USD

2024-10-26 * "Takahachi" "" #trip-new-york-2024
  Liabilities:US:Chase:Slate                       -45.99 USD
  Expenses:Food:Restaurant                          45.99 USD

2024-10-26 * "La Colombe" "" #trip-new-york-2024
  Liabilities:US:Chase:Slate                        -5.07 USD
  Expenses:Food:Coffee                               5.07 USD

2024-10-27 * "Uncle Boons" "" #trip-new-york-2024
  Liabilities:US:Chase:Slate                       -34.14 USD
  Expenses:Food:Restaurant                          34.14 USD

2024-10-27 * "Takahachi" "" #trip-new-york-2024
  Liabilities:US:Chase:Slate                       -52.85 USD
  Expenses:Food:Restaurant                          52.85 USD

2024-10-27 * "Laut" "" #trip-new-york-2024
  Liabilities:US:Chase:Slate                       -32.60 USD
  Expenses:Food:Restaurant                          32.60 USD

2024-10-27 * "Gimme! Coffee" "" #trip-new-york-2024
  Liabilities:US:Chase:Slate                        -6.12 USD
  Expenses:Food:Coffee                               6.12 USD

2024-10-28 * "Uncle Boons" "" #trip-new-york-2024
  Liabilities:US:Chase:Slate                       -32.47 USD
  Expenses:Food:Restaurant                          32.47 USD

2024-10-28 * "Cafe Select" "" #trip-new-york-2024
  Liabilities:US:Chase:Slate                       -35.33 USD
  Expenses:Food:Restaurant                          35.33 USD

2024-10-28 * "Laut" "" #trip-new-york-2024
  Liabilities:US:Chase:Slate                       -27.22 USD
  Expenses:Food:Restaurant                          27.22 USD

2024-10-28 * "La Colombe" "" #trip-new-york-2024
  Liabilities:US:Chase:Slate                        -7.27 USD
  Expenses:Food:Coffee                               7.27 USD

2024-10-28 * "Gimme! Coffee" "" #trip-new-york-2024
  Liabilities:US:Chase:Slate                        -7.50 USD
  Expenses:Food:Coffee                               7.50 USD

2024-10-29 * "Cafe Select" "" #trip-new-york-2024
  Liabilities:US:Chase:Slate                       -29.31 USD
  Expenses:Food:Restaurant                          29.31 USD

2024-10-29 * "Laut" "" #trip-new-york-2024
  Liabilities:US:Chase:Slate                       -32.21 USD
  Expenses:Food:Restaurant                          32.21 USD

2024-10-29 * "Gimme! Coffee" "" #trip-new-york-2024
  Liabilities:US:Chase:Slate                        -3.72 USD
  Expenses:Food:Coffee                               3.72 USD

2024-10-30 * "Gimme! Coffee" "" #trip-new-york-2024
  Liabilities:US:Chase:Slate                        -7.20 USD
  Expenses:Food:Coffee                               7.20 USD

2024-10-31 * "Cafe Select" "" #trip-new-york-2024
  Liabilities:US:Chase:Slate                       -34.19 USD
  Expenses:Food:Restaurant                          34.19 USD

2024-10-31 * "Laut" "" #trip-new-york-2024
  Liabilities:US:Chase:Slate                       -27.70 USD
  Expenses:Food:Restaurant                          27.70 USD

2024-10-31 * "Gimme! Coffee" "" #trip-new-york-2024
  Liabilities:US:Chase:Slate                        -5.87 USD
  Expenses:Food:Coffee                               5.87 USD

2024-11-01 * "Uncle Boons" "" #trip-new-york-2024
  Liabilities:US:Chase:Slate                       -33.67 USD
  Expenses:Food:Restaurant                          33.67 USD

2024-11-02 * "Takahachi" "" #trip-new-york-2024
  Liabilities:US:Chase:Slate                       -45.22 USD
  Expenses:Food:Restaurant                          45.22 USD

2024-11-02 * "Laut" "" #trip-new-york-2024
  Liabilities:US:Chase:Slate                       -27.48 USD
  Expenses:Food:Restaurant                          27.48 USD

2024-11-02 * "La Colombe" "" #trip-new-york-2024
  Liabilities:US:Chase:Slate                        -5.47 USD
  Expenses:Food:Coffee                               5.47 USD

2024-11-03 balance Liabilities:US:Chase:Slate    -1518.14 USD

2024-11-03 * "Takahachi" "" #trip-new-york-2024
  Liabilities:US:Chase:Slate                       -44.72 USD
  Expenses:Food:Restaurant                          44.72 USD

2024-11-03 * "Gimme! Coffee" "" #trip-new-york-2024
  Liabilities:US:Chase:Slate                        -6.06 USD
  Expenses:Food:Coffee                               6.06 USD

2024-11-04 * "Cafe Select" "" #trip-new-york-2024
  Liabilities:US:Chase:Slate                       -22.36 USD
  Expenses:Food:Restaurant                          22.36 USD

2024-11-04 * "La Colombe" "" #trip-new-york-2024
  Liabilities:US:Chase:Slate                        -5.38 USD
  Expenses:Food:Coffee                               5.38 USD

2024-11-05 * "Takahachi" "" #trip-new-york-2024
  Liabilities:US:Chase:Slate                       -44.16 USD
  Expenses:Food:Restaurant                          44.16 USD

2024-11-05 * "Consume vacation days"
  Assets:US:Hooli:Vacation                           -104 VACHR
  Expenses:Vacation                                   104 VACHR

2024-11-05 event "location" "New Metropolis"

2024-11-06 * "Rose Flower" "Eating out alone"
  Liabilities:US:Chase:Slate                       -23.51 USD
  Expenses:Food:Restaurant                          23.51 USD

2024-11-10 * "Chase:Slate" "Paying off credit card"
  Liabilities:US:Chase:Slate                       492.44 USD
  Assets:US:BofA:Checking                         -492.44 USD

2024-11-11 * "Rose Flower" "Eating out with Julie"
  Liabilities:US:Chase:Slate                       -53.38 USD
  Expenses:Food:Restaurant                          53.38 USD

2024-11-12 * "Goba Goba" "Eating out with Natasha"
  Liabilities:US:Chase:Slate                       -16.26 USD
  Expenses:Food:Restaurant                          16.26 USD

2024-11-15 * "Cafe Modagor" "Eating out with work buddies"
  Liabilities:US:Chase:Slate                       -34.10 USD
  Expenses:Food:Restaurant                          34.10 USD

2024-11-18 * "China Garden" "Eating out "
  Liabilities:US:Chase:Slate                       -19.06 USD
  Expenses:Food:Restaurant                          19.06 USD

2024-11-18 * "Onion Market" "Buying groceries"
  Liabilities:US:Chase:Slate                       -42.36 USD
  Expenses:Food:Groceries                           42.36 USD

2024-11-19 * "Metro Transport Authority" "Tram tickets"
  Liabilities:US:Chase:Slate                      -120.00 USD
  Expenses:Transport:Tram                          120.00 USD

2024-11-22 * "Uncle Boons" "Eating out with Natasha"
  Liabilities:US:Chase:Slate                       -15.66 USD
  Expenses:Food:Restaurant                          15.66 USD

2024-11-24 * "Onion Market" "Buying groceries"
  Liabilities:US:Chase:Slate                       -81.57 USD
  Expenses:Food:Groceries                           81.57 USD

2024-11-26 * "Chichipotle" "Eating out with Joe"
  Liabilities:US:Chase:Slate                       -18.42 USD
  Expenses:Food:Restaurant                          18.42 USD

2024-11-30 * "Kin Soy" "Eating out with work buddies"
  Liabilities:US:Chase:Slate                       -33.95 USD
  Expenses:Food:Restaurant                          33.95 USD

2024-12-01 balance Liabilities:US:Chase:Slate    -1606.65 USD

2024-12-04 * "Goba Goba" "Eating out with Bill"
  Liabilities:US:Chase:Slate                       -23.63 USD
  Expenses:Food:Restaurant                          23.63 USD

2024-12-07 * "Cafe Modagor" "Eating out with Julie"
  Liabilities:US:Chase:Slate                       -38.33 USD
  Expenses:Food:Restaurant                          38.33 USD

2024-12-09 * "Chase:Slate" "Paying off credit card"
  Liabilities:US:Chase:Slate                       480.59 USD
  Assets:US:BofA:Checking                         -480.59 USD

2024-12-11 * "Rose Flower" "Eating out with Bill"
  Liabilities:US:Chase:Slate                       -37.25 USD
  Expenses:Food:Restaurant                          37.25 USD

2024-12-13 * "Corner Deli" "Buying groceries"
  Liabilities:US:Chase:Slate                       -52.94 USD
  Expenses:Food:Groceries                           52.94 USD

2024-12-15 * "China Garden" "Eating out alone"
  Liabilities:US:Chase:Slate                       -25.01 USD
  Expenses:Food:Restaurant                          25.01 USD

2024-12-17 * "Metro Transport Authority" "Tram tickets"
  Liabilities:US:Chase:Slate                      -120.00 USD
  Expenses:Transport:Tram                          120.00 USD

2024-12-19 * "China Garden" "Eating out with work buddies"
  Liabilities:US:Chase:Slate                       -32.96 USD
  Expenses:Food:Restaurant                          32.96 USD

2024-12-22 * "Rose Flower" "Eating out with Julie"
  Liabilities:US:Chase:Slate                       -35.88 USD
  Expenses:Food:Restaurant                          35.88 USD

2024-12-26 * "Kin Soy" "Eating out with Joe"
  Liabilities:US:Chase:Slate                       -49.67 USD
  Expenses:Food:Restaurant                          49.67 USD

2024-12-30 balance Liabilities:US:Chase:Slate    -1541.73 USD

2024-12-30 * "Jewel of Morroco" "Eating out alone"
  Liabilities:US:Chase:Slate                       -36.36 USD
  Expenses:Food:Restaurant                          36.36 USD

2024-12-30 * "Onion Market" "Buying groceries"
  Liabilities:US:Chase:Slate                       -84.13 USD
  Expenses:Food:Groceries                           84.13 USD

2025-01-01 * "Jewel of Morroco" "Eating out "
  Liabilities:US:Chase:Slate                       -79.38 USD
  Expenses:Food:Restaurant                          79.38 USD

2025-01-04 * "Goba Goba" "Eating out with work buddies"
  Liabilities:US:Chase:Slate                       -48.29 USD
  Expenses:Food:Restaurant                          48.29 USD

2025-01-07 * "Cafe Modagor" "Eating out "
  Liabilities:US:Chase:Slate                       -27.62 USD
  Expenses:Food:Restaurant                          27.62 USD

2025-01-09 * "Chase:Slate" "Paying off credit card"
  Liabilities:US:Chase:Slate                       630.39 USD
  Assets:US:BofA:Checking                         -630.39 USD

2025-01-12 * "Chichipotle" "Eating out with work buddies"
  Liabilities:US:Chase:Slate                       -38.15 USD
  Expenses:Food:Restaurant                          38.15 USD

2025-01-16 * "Rose Flower" "Eating out with Joe"
  Liabilities:US:Chase:Slate                       -29.18 USD
  Expenses:Food:Restaurant                          29.18 USD

2025-01-17 * "Kin Soy" "Eating out with Joe"
  Liabilities:US:Chase:Slate                       -29.86 USD
  Expenses:Food:Restaurant                          29.86 USD

2025-01-17 * "Good Moods Market" "Buying groceries"
  Liabilities:US:Chase:Slate                       -75.58 USD
  Expenses:Food:Groceries                           75.58 USD

2025-01-17 * "Metro Transport Authority" "Tram tickets"
  Liabilities:US:Chase:Slate                      -120.00 USD
  Expenses:Transport:Tram                          120.00 USD

2025-01-22 * "China Garden" "Eating out after work"
  Liabilities:US:Chase:Slate                       -45.24 USD
  Expenses:Food:Restaurant                          45.24 USD

2025-01-24 * "Cafe Modagor" "Eating out after work"
  Liabilities:US:Chase:Slate                       -20.19 USD
  Expenses:Food:Restaurant                          20.19 USD

2025-01-25 * "Chichipotle" "Eating out with Bill"
  Liabilities:US:Chase:Slate                       -51.87 USD
  Expenses:Food:Restaurant                          51.87 USD

2025-01-26 balance Liabilities:US:Chase:Slate    -1597.19 USD

2025-01-27 * "Goba Goba" "Eating out with Joe"
  Liabilities:US:Chase:Slate                       -39.65 USD
  Expenses:Food:Restaurant                          39.65 USD

2025-02-01 * "Kin Soy" "Eating out after work"
  Liabilities:US:Chase:Slate                       -43.45 USD
  Expenses:Food:Restaurant                          43.45 USD

2025-02-02 * "China Garden" "Eating out with work buddies"
  Liabilities:US:Chase:Slate                        -6.81 USD
  Expenses:Food:Restaurant                           6.81 USD

2025-02-06 * "Good Moods Market" "Buying groceries"
  Liabilities:US:Chase:Slate                       -80.02 USD
  Expenses:Food:Groceries                           80.02 USD

2025-02-07 * "Goba Goba" "Eating out with Natasha"
  Liabilities:US:Chase:Slate                       -37.65 USD
  Expenses:Food:Restaurant                          37.65 USD

2025-02-09 * "Chase:Slate" "Paying off credit card"
  Liabilities:US:Chase:Slate                       607.64 USD
  Assets:US:BofA:Checking                         -607.64 USD

2025-02-11 * "Kin Soy" "Eating out with Natasha"
  Liabilities:US:Chase:Slate                       -28.14 USD
  Expenses:Food:Restaurant                          28.14 USD

2025-02-13 * "Good Moods Market" "Buying groceries"
  Liabilities:US:Chase:Slate                       -92.99 USD
  Expenses:Food:Groceries                           92.99 USD

2025-02-14 * "Rose Flower" "Eating out with Julie"
  Liabilities:US:Chase:Slate                       -25.69 USD
  Expenses:Food:Restaurant                          25.69 USD

2025-02-15 * "Uncle Boons" "Eating out with work buddies"
  Liabilities:US:Chase:Slate                       -25.56 USD
  Expenses:Food:Restaurant                          25.56 USD

2025-02-18 * "Cafe Modagor" "Eating out with Julie"
  Liabilities:US:Chase:Slate                       -39.98 USD
  Expenses:Food:Restaurant                          39.98 USD

2025-02-18 * "Metro Transport Authority" "Tram tickets"
  Liabilities:US:Chase:Slate                      -120.00 USD
  Expenses:Transport:Tram                          120.00 USD

2025-02-21 * "Goba Goba" "Eating out after work"
  Liabilities:US:Chase:Slate                       -30.29 USD
  Expenses:Food:Restaurant                          30.29 USD

2025-02-23 balance Liabilities:US:Chase:Slate    -1559.78 USD

2025-02-26 * "Goba Goba" "Eating out alone"
  Liabilities:US:Chase:Slate                       -33.86 USD
  Expenses:Food:Restaurant                          33.86 USD

2025-02-27 * "Kin Soy" "Eating out with Natasha"
  Liabilities:US:Chase:Slate                       -18.48 USD
  Expenses:Food:Restaurant                          18.48 USD

2025-02-27 * "Onion Market" "Buying groceries"
  Liabilities:US:Chase:Slate                      -129.90 USD
  Expenses:Food:Groceries                          129.90 USD

2025-03-01 * "Uncle Boons" "Eating out with work buddies"
  Liabilities:US:Chase:Slate                       -32.82 USD
  Expenses:Food:Restaurant                          32.82 USD

2025-03-05 * "Uncle Boons" "Eating out "
  Liabilities:US:Chase:Slate                       -52.72 USD
  Expenses:Food:Restaurant                          52.72 USD

2025-03-09 * "Rose Flower" "Eating out with Joe"
  Liabilities:US:Chase:Slate                       -32.38 USD
  Expenses:Food:Restaurant                          32.38 USD

2025-03-10 * "Chase:Slate" "Paying off credit card"
  Liabilities:US:Chase:Slate                       647.35 USD
  Assets:US:BofA:Checking                         -647.35 USD

2025-03-11 * "Goba Goba" "Eating out alone"
  Liabilities:US:Chase:Slate                       -12.68 USD
  Expenses:Food:Restaurant                          12.68 USD

2025-03-14 * "Jewel of Morroco" "Eating out with Julie"
  Liabilities:US:Chase:Slate                       -48.64 USD
  Expenses:Food:Restaurant                          48.64 USD

2025-03-17 * "Metro Transport Authority" "Tram tickets"
  Liabilities:US:Chase:Slate                      -120.00 USD
  Expenses:Transport:Tram                          120.00 USD

2025-03-18 balance Liabilities:US:Chase:Slate    -1393.91 USD

2025-03-18 * "Chichipotle" "Eating out alone"
  Liabilities:US:Chase:Slate                       -14.43 USD
  Expenses:Food:Restaurant                          14.43 USD

2025-03-18 * "Onion Market" "Buying groceries"
  Liabilities:US:Chase:Slate                       -85.33 USD
  Expenses:Food:Groceries                           85.33 USD

2025-03-19 * "Uncle Boons" "Eating out with Julie"
  Liabilities:US:Chase:Slate                       -66.75 USD
  Expenses:Food:Restaurant                          66.75 USD

2025-03-24 * "Uncle Boons" "Eating out with Julie"
  Liabilities:US:Chase:Slate                       -29.17 USD
  Expenses:Food:Restaurant                          29.17 USD

2025-03-28 * "Chichipotle" "Eating out with Julie"
  Liabilities:US:Chase:Slate                       -15.19 USD
  Expenses:Food:Restaurant                          15.19 USD

2025-03-29 * "Farmer Fresh" "Buying groceries"
  Liabilities:US:Chase:Slate                      -111.90 USD
  Expenses:Food:Groceries                          111.90 USD

2025-04-02 * "China Garden" "Eating out with Julie"
  Liabilities:US:Chase:Slate                       -27.11 USD
  Expenses:Food:Restaurant                          27.11 USD

2025-04-06 * "Uncle Boons" "Eating out with Julie"
  Liabilities:US:Chase:Slate                       -18.42 USD
  Expenses:Food:Restaurant                          18.42 USD

2025-04-07 * "Uncle Boons" "Eating out with Julie"
  Liabilities:US:Chase:Slate                       -47.46 USD
  Expenses:Food:Restaurant                          47.46 USD

2025-04-09 * "Onion Market" "Buying groceries"
  Liabilities:US:Chase:Slate                       -97.29 USD
  Expenses:Food:Groceries                           97.29 USD

2025-04-10 * "Rose Flower" "Eating out after work"
  Liabilities:US:Chase:Slate                       -33.53 USD
  Expenses:Food:Restaurant                          33.53 USD

2025-04-11 * "Chase:Slate" "Paying off credit card"
  Liabilities:US:Chase:Slate                       751.72 USD
  Assets:US:BofA:Checking                         -751.72 USD

2025-04-12 balance Liabilities:US:Chase:Slate    -1188.77 USD

2025-04-14 * "Jewel of Morroco" "Eating out with work buddies"
  Liabilities:US:Chase:Slate                       -36.50 USD
  Expenses:Food:Restaurant                          36.50 USD

2025-04-17 * "Metro Transport Authority" "Tram tickets"
  Liabilities:US:Chase:Slate                      -120.00 USD
  Expenses:Transport:Tram                          120.00 USD

2025-04-19 * "Kin Soy" "Eating out with work buddies"
  Liabilities:US:Chase:Slate                       -31.62 USD
  Expenses:Food:Restaurant                          31.62 USD

2025-04-22 * "Corner Deli" "Buying groceries"
  Liabilities:US:Chase:Slate                      -105.03 USD
  Expenses:Food:Groceries                          105.03 USD

2025-04-23 * "Kin Soy" "Eating out with Bill"
  Liabilities:US:Chase:Slate                       -20.28 USD
  Expenses:Food:Restaurant                          20.28 USD

2025-04-25 * "Rose Flower" "Eating out with Joe"
  Liabilities:US:Chase:Slate                       -27.96 USD
  Expenses:Food:Restaurant                          27.96 USD

2025-04-29 * "Goba Goba" "Eating out after work"
  Liabilities:US:Chase:Slate                       -23.11 USD
  Expenses:Food:Restaurant                          23.11 USD

2025-05-02 * "Rose Flower" "Eating out with Joe"
  Liabilities:US:Chase:Slate                       -50.59 USD
  Expenses:Food:Restaurant                          50.59 USD

2025-05-06 * "Onion Market" "Buying groceries"
  Liabilities:US:Chase:Slate                       -73.12 USD
  Expenses:Food:Groceries                           73.12 USD

2025-05-07 * "Goba Goba" "Eating out with Bill"
  Liabilities:US:Chase:Slate                       -35.20 USD
  Expenses:Food:Restaurant                          35.20 USD

2025-05-09 * "Uncle Boons" "Eating out with Bill"
  Liabilities:US:Chase:Slate                       -37.22 USD
  Expenses:Food:Restaurant                          37.22 USD

2025-05-09 * "Chase:Slate" "Paying off credit card"
  Liabilities:US:Chase:Slate                       524.13 USD
  Assets:US:BofA:Checking                         -524.13 USD

2025-05-10 balance Liabilities:US:Chase:Slate    -1225.27 USD

2025-05-14 * "Cafe Modagor" "Eating out with Natasha"
  Liabilities:US:Chase:Slate                       -39.67 USD
  Expenses:Food:Restaurant                          39.67 USD

2025-05-15 * "Rose Flower" "Eating out with work buddies"
  Liabilities:US:Chase:Slate                       -34.04 USD
  Expenses:Food:Restaurant                          34.04 USD

2025-05-20 * "Jewel of Morroco" "Eating out with Bill"
  Liabilities:US:Chase:Slate                       -19.49 USD
  Expenses:Food:Restaurant                          19.49 USD

2025-05-20 * "Metro Transport Authority" "Tram tickets"
  Liabilities:US:Chase:Slate                      -120.00 USD
  Expenses:Transport:Tram                          120.00 USD

2025-05-22 * "China Garden" "Eating out with work buddies"
  Liabilities:US:Chase:Slate                       -55.65 USD
  Expenses:Food:Restaurant                          55.65 USD

2025-05-22 * "Farmer Fresh" "Buying groceries"
  Liabilities:US:Chase:Slate                       -46.83 USD
  Expenses:Food:Groceries                           46.83 USD

2025-05-25 * "Uncle Boons" "Eating out with Julie"
  Liabilities:US:Chase:Slate                       -23.78 USD
  Expenses:Food:Restaurant                          23.78 USD

2025-05-30 * "Uncle Boons" "Eating out "
  Liabilities:US:Chase:Slate                       -34.61 USD
  Expenses:Food:Restaurant                          34.61 USD

2025-05-31 balance Liabilities:US:Chase:Slate    -1599.34 USD

2025-05-31 * "Onion Market" "Buying groceries"
  Liabilities:US:Chase:Slate                       -78.75 USD
  Expenses:Food:Groceries                           78.75 USD

2025-06-01 * "China Garden" "Eating out with Bill"
  Liabilities:US:Chase:Slate                       -28.33 USD
  Expenses:Food:Restaurant                          28.33 USD

2025-06-06 * "Jewel of Morroco" "Eating out after work"
  Liabilities:US:Chase:Slate                       -37.28 USD
  Expenses:Food:Restaurant                          37.28 USD

2025-06-09 * "Jewel of Morroco" "Eating out "
  Liabilities:US:Chase:Slate                       -34.71 USD
  Expenses:Food:Restaurant                          34.71 USD

2025-06-09 * "Chase:Slate" "Paying off credit card"
  Liabilities:US:Chase:Slate                       553.14 USD
  Assets:US:BofA:Checking                         -553.14 USD

2025-06-12 * "Chichipotle" "Eating out with Bill"
  Liabilities:US:Chase:Slate                       -95.68 USD
  Expenses:Food:Restaurant                          95.68 USD

2025-06-16 * "Goba Goba" "Eating out alone"
  Liabilities:US:Chase:Slate                       -22.88 USD
  Expenses:Food:Restaurant                          22.88 USD

2025-06-18 * "Goba Goba" "Eating out after work"
  Liabilities:US:Chase:Slate                       -27.91 USD
  Expenses:Food:Restaurant                          27.91 USD

2025-06-18 * "Good Moods Market" "Buying groceries"
  Liabilities:US:Chase:Slate                       -96.45 USD
  Expenses:Food:Groceries                           96.45 USD

2025-06-20 * "Metro Transport Authority" "Tram tickets"
  Liabilities:US:Chase:Slate                      -120.00 USD
  Expenses:Transport:Tram                          120.00 USD

2025-06-22 * "China Garden" "Eating out with Natasha"
  Liabilities:US:Chase:Slate                       -21.26 USD
  Expenses:Food:Restaurant                          21.26 USD

2025-06-26 balance Liabilities:US:Chase:Slate    -1609.45 USD

2025-06-27 * "Uncle Boons" "Eating out alone"
  Liabilities:US:Chase:Slate                       -73.72 USD
  Expenses:Food:Restaurant                          73.72 USD

2025-07-01 * "China Garden" "Eating out alone"
  Liabilities:US:Chase:Slate                       -29.69 USD
  Expenses:Food:Restaurant                          29.69 USD

2025-07-06 * "Uncle Boons" "Eating out with work buddies"
  Liabilities:US:Chase:Slate                       -38.80 USD
  Expenses:Food:Restaurant                          38.80 USD

2025-07-07 * "Corner Deli" "Buying groceries"
  Liabilities:US:Chase:Slate                       -75.65 USD
  Expenses:Food:Groceries                           75.65 USD

2025-07-09 * "Goba Goba" "Eating out after work"
  Liabilities:US:Chase:Slate                       -30.96 USD
  Expenses:Food:Restaurant                          30.96 USD

2025-07-10 * "Chase:Slate" "Paying off credit card"
  Liabilities:US:Chase:Slate                       657.87 USD
  Assets:US:BofA:Checking                         -657.87 USD

2025-07-13 * "Cafe Modagor" "Eating out with Julie"
  Liabilities:US:Chase:Slate                       -24.87 USD
  Expenses:Food:Restaurant                          24.87 USD

2025-07-14 * "China Garden" "Eating out with Natasha"
  Liabilities:US:Chase:Slate                       -20.42 USD
  Expenses:Food:Restaurant                          20.42 USD

2025-07-17 * "Metro Transport Authority" "Tram tickets"
  Liabilities:US:Chase:Slate                      -120.00 USD
  Expenses:Transport:Tram                          120.00 USD

2025-07-19 * "Cafe Modagor" "Eating out "
  Liabilities:US:Chase:Slate                       -18.80 USD
  Expenses:Food:Restaurant                          18.80 USD

2025-07-20 * "Uncle Boons" "Eating out alone"
  Liabilities:US:Chase:Slate                       -24.82 USD
  Expenses:Food:Restaurant                          24.82 USD

2025-07-21 * "Good Moods Market" "Buying groceries"
  Liabilities:US:Chase:Slate                       -73.96 USD
  Expenses:Food:Groceries                           73.96 USD

2025-07-22 * "Kin Soy" "Eating out after work"
  Liabilities:US:Chase:Slate                       -39.65 USD
  Expenses:Food:Restaurant                          39.65 USD

2025-07-26 balance Liabilities:US:Chase:Slate    -1522.92 USD

2025-07-26 * "Goba Goba" "Eating out with Julie"
  Liabilities:US:Chase:Slate                       -21.93 USD
  Expenses:Food:Restaurant                          21.93 USD

2025-07-27 * "Chichipotle" "Eating out with Julie"
  Liabilities:US:Chase:Slate                       -43.70 USD
  Expenses:Food:Restaurant                          43.70 USD

2025-07-29 * "Uncle Boons" "Eating out with Bill"
  Liabilities:US:Chase:Slate                       -65.39 USD
  Expenses:Food:Restaurant                          65.39 USD

2025-08-03 * "China Garden" "Eating out with Bill"
  Liabilities:US:Chase:Slate                       -58.11 USD
  Expenses:Food:Restaurant                          58.11 USD

2025-08-06 * "Uncle Boons" "Eating out "
  Liabilities:US:Chase:Slate                       -32.60 USD
  Expenses:Food:Restaurant                          32.60 USD

2025-08-09 * "Farmer Fresh" "Buying groceries"
  Liabilities:US:Chase:Slate                       -61.56 USD
  Expenses:Food:Groceries                           61.56 USD

2025-08-10 * "Chase:Slate" "Paying off credit card"
  Liabilities:US:Chase:Slate                       603.26 USD
  Assets:US:BofA:Checking                         -603.26 USD

2025-08-11 * "Chichipotle" "Eating out with Bill"
  Liabilities:US:Chase:Slate                       -22.32 USD
  Expenses:Food:Restaurant                          22.32 USD

2025-08-14 * "Metro Transport Authority" "Tram tickets"
  Liabilities:US:Chase:Slate                      -120.00 USD
  Expenses:Transport:Tram                          120.00 USD

2025-08-16 * "Uncle Boons" "Eating out with Julie"
  Liabilities:US:Chase:Slate                       -19.16 USD
  Expenses:Food:Restaurant                          19.16 USD

2025-08-18 * "Farmer Fresh" "Buying groceries"
  Liabilities:US:Chase:Slate                      -132.48 USD
  Expenses:Food:Groceries                          132.48 USD

2025-08-20 * "Rose Flower" "Eating out with Julie"
  Liabilities:US:Chase:Slate                       -20.56 USD
  Expenses:Food:Restaurant                          20.56 USD

2025-08-21 balance Liabilities:US:Chase:Slate    -1517.47 USD

2025-08-21 * "Kin Soy" "Eating out with Bill"
  Liabilities:US:Chase:Slate                       -63.12 USD
  Expenses:Food:Restaurant                          63.12 USD

2025-08-24 * "Good Moods Market" "Buying groceries"
  Liabilities:US:Chase:Slate                       -53.77 USD
  Expenses:Food:Groceries                           53.77 USD

2025-08-26 * "Uncle Boons" "Eating out with Bill"
  Liabilities:US:Chase:Slate                       -39.94 USD
  Expenses:Food:Restaurant                          39.94 USD

2025-08-29 * "Goba Goba" "Eating out with Julie"
  Liabilities:US:Chase:Slate                       -32.41 USD
  Expenses:Food:Restaurant                          32.41 USD

2025-08-31 * "Good Moods Market" "Buying groceries"
  Liabilities:US:Chase:Slate                       -81.67 USD
  Expenses:Food:Groceries                           81.67 USD

2025-09-03 * "China Garden" "Eating out alone"
  Liabilities:US:Chase:Slate                       -36.81 USD
  Expenses:Food:Restaurant                          36.81 USD

2025-09-07 * "Kin Soy" "Eating out with Natasha"
  Liabilities:US:Chase:Slate                       -51.67 USD
  Expenses:Food:Restaurant                          51.67 USD

2025-09-07 * "Chase:Slate" "Paying off credit card"
  Liabilities:US:Chase:Slate                       651.59 USD
  Assets:US:BofA:Checking                         -651.59 USD

2025-09-09 * "China Garden" "Eating out after work"
  Liabilities:US:Chase:Slate                       -27.10 USD
  Expenses:Food:Restaurant                          27.10 USD

2025-09-12 * "Good Moods Market" "Buying groceries"
  Liabilities:US:Chase:Slate                       -48.19 USD
  Expenses:Food:Groceries                           48.19 USD

2025-09-13 * "Metro Transport Authority" "Tram tickets"
  Liabilities:US:Chase:Slate                      -120.00 USD
  Expenses:Transport:Tram                          120.00 USD

2025-09-14 * "China Garden" "Eating out with Bill"
  Liabilities:US:Chase:Slate                       -31.57 USD
  Expenses:Food:Restaurant                          31.57 USD

2025-09-16 * "Cafe Modagor" "Eating out with work buddies"
  Liabilities:US:Chase:Slate                       -45.88 USD
  Expenses:Food:Restaurant                          45.88 USD

2025-09-17 * "Cafe Modagor" "Eating out with Bill"
  Liabilities:US:Chase:Slate                       -28.47 USD
  Expenses:Food:Restaurant                          28.47 USD

2025-09-20 balance Liabilities:US:Chase:Slate    -1526.48 USD

2025-09-20 * "Cafe Modagor" "Eating out with Bill"
  Liabilities:US:Chase:Slate                       -14.34 USD
  Expenses:Food:Restaurant                          14.34 USD

2025-09-22 * "Cafe Modagor" "Eating out "
  Liabilities:US:Chase:Slate                       -54.78 USD
  Expenses:Food:Restaurant                          54.78 USD

2025-09-22 * "Farmer Fresh" "Buying groceries"
  Liabilities:US:Chase:Slate                      -100.01 USD
  Expenses:Food:Groceries                          100.01 USD

2025-09-26 * "Goba Goba" "Eating out after work"
  Liabilities:US:Chase:Slate                       -19.40 USD
  Expenses:Food:Restaurant                          19.40 USD

2025-09-27 * "Cafe Modagor" "Eating out with Bill"
  Liabilities:US:Chase:Slate                       -33.45 USD
  Expenses:Food:Restaurant                          33.45 USD

2025-09-29 * "Goba Goba" "Eating out with Julie"
  Liabilities:US:Chase:Slate                       -14.85 USD
  Expenses:Food:Restaurant                          14.85 USD

2025-10-01 * "Rose Flower" "Eating out with work buddies"
  Liabilities:US:Chase:Slate                       -23.29 USD
  Expenses:Food:Restaurant                          23.29 USD

2025-10-05 * "Goba Goba" "Eating out alone"
  Liabilities:US:Chase:Slate                       -26.28 USD
  Expenses:Food:Restaurant                          26.28 USD

2025-10-07 * "Corner Deli" "Buying groceries"
  Liabilities:US:Chase:Slate                       -83.58 USD
  Expenses:Food:Groceries                           83.58 USD

2025-10-09 * "Chichipotle" "Eating out with Natasha"
  Liabilities:US:Chase:Slate                       -27.14 USD
  Expenses:Food:Restaurant                          27.14 USD

2025-10-10 * "Chase:Slate" "Paying off credit card"
  Liabilities:US:Chase:Slate                       818.33 USD
  Assets:US:BofA:Checking                         -818.33 USD

2025-10-12 balance Liabilities:US:Chase:Slate    -1105.27 USD

2025-10-12 * "Metro Transport Authority" "Tram tickets"
  Liabilities:US:Chase:Slate                      -120.00 USD
  Expenses:Transport:Tram                          120.00 USD

2025-10-13 * "Chichipotle" "Eating out alone"
  Liabilities:US:Chase:Slate                       -28.00 USD
  Expenses:Food:Restaurant                          28.00 USD

2025-10-15 * "Uncle Boons" "Eating out after work"
  Liabilities:US:Chase:Slate                       -29.78 USD
  Expenses:Food:Restaurant                          29.78 USD

2025-10-15 * "Corner Deli" "Buying groceries"
  Liabilities:US:Chase:Slate                       -55.41 USD
  Expenses:Food:Groceries                           55.41 USD

2025-10-16 * "Kin Soy" "Eating out with Julie"
  Liabilities:US:Chase:Slate                       -48.95 USD
  Expenses:Food:Restaurant                          48.95 USD

2025-10-18 * "Uncle Boons" "Eating out with Joe"
  Liabilities:US:Chase:Slate                       -23.05 USD
  Expenses:Food:Restaurant                          23.05 USD

2025-10-20 * "Cafe Modagor" "Eating out with Julie"
  Liabilities:US:Chase:Slate                       -39.87 USD
  Expenses:Food:Restaurant                          39.87 USD

2025-10-23 * "Jewel of Morroco" "Eating out with Julie"
  Liabilities:US:Chase:Slate                       -21.49 USD
  Expenses:Food:Restaurant                          21.49 USD

2025-10-24 * "Uncle Boons" "Eating out "
  Liabilities:US:Chase:Slate                       -44.06 USD
  Expenses:Food:Restaurant                          44.06 USD

2025-10-27 * "Cafe Modagor" "Eating out with Julie"
  Liabilities:US:Chase:Slate                       -16.37 USD
  Expenses:Food:Restaurant                          16.37 USD

2025-10-27 * "Onion Market" "Buying groceries"
  Liabilities:US:Chase:Slate                       -81.00 USD
  Expenses:Food:Groceries                           81.00 USD

2025-11-01 * "Cafe Modagor" "Eating out with Julie"
  Liabilities:US:Chase:Slate                       -62.22 USD
  Expenses:Food:Restaurant                          62.22 USD

2025-11-01 * "Onion Market" "Buying groceries"
  Liabilities:US:Chase:Slate                      -139.13 USD
  Expenses:Food:Groceries                          139.13 USD

2025-11-06 * "Jewel of Morroco" "Eating out alone"
  Liabilities:US:Chase:Slate                       -37.13 USD
  Expenses:Food:Restaurant                          37.13 USD

2025-11-06 * "Corner Deli" "Buying groceries"
  Liabilities:US:Chase:Slate                       -91.43 USD
  Expenses:Food:Groceries                           91.43 USD



* Taxable Investments

2023-01-01 open Assets:US:ETrade:Cash                       USD
2023-01-01 open Assets:US:ETrade:ITOT                       ITOT
2023-01-01 open Assets:US:ETrade:VEA                       VEA
2023-01-01 open Assets:US:ETrade:VHT                       VHT
2023-01-01 open Assets:US:ETrade:GLD                       GLD
2023-01-01 open Income:US:ETrade:PnL                        USD
2023-01-01 open Income:US:ETrade:ITOT:Dividend              USD
2023-01-01 open Income:US:ETrade:VEA:Dividend              USD
2023-01-01 open Income:US:ETrade:VHT:Dividend              USD
2023-01-01 open Income:US:ETrade:GLD:Dividend              USD

2023-09-18 * "Dividends on portfolio"
  Assets:US:ETrade:Cash                              0.00 USD
  Income:US:ETrade:GLD:Dividend                      0.00 USD

2023-10-02 * "Buy shares of VHT"
  Assets:US:ETrade:Cash                          -1402.03 USD
  Assets:US:ETrade:VHT                                 13 VHT {107.16 USD, 2023-10-02}
  Expenses:Financial:Commissions                     8.95 USD

2023-10-02 * "Buy shares of ITOT"
  Assets:US:ETrade:Cash                          -1393.52 USD
  Assets:US:ETrade:ITOT                                11 ITOT {125.87 USD, 2023-10-02}
  Expenses:Financial:Commissions                     8.95 USD

2023-10-02 * "Buy shares of GLD"
  Assets:US:ETrade:Cash                          -1386.25 USD
  Assets:US:ETrade:GLD                                 15 GLD {91.82 USD, 2023-10-02}
  Expenses:Financial:Commissions                     8.95 USD

2023-10-28 * "Sell shares of ITOT"
  Assets:US:ETrade:ITOT                               -11 ITOT {125.87 USD, 2023-10-02} @ 121.11 USD
  Assets:US:ETrade:Cash                           1323.26 USD
  Expenses:Financial:Commissions                     8.95 USD
  Income:US:ETrade:PnL                              52.36 USD

2023-11-18 * "Buy shares of VEA"
  Assets:US:ETrade:Cash                          -1763.43 USD
  Assets:US:ETrade:VEA                                 14 VEA {125.32 USD, 2023-11-18}
  Expenses:Financial:Commissions                     8.95 USD

2023-11-18 * "Buy shares of VHT"
  Assets:US:ETrade:Cash                          -1736.47 USD
  Assets:US:ETrade:VHT                                 16 VHT {107.97 USD, 2023-11-18}
  Expenses:Financial:Commissions                     8.95 USD

2023-11-18 * "Buy shares of ITOT"
  Assets:US:ETrade:Cash                          -1728.15 USD
  Assets:US:ETrade:ITOT                                14 ITOT {122.80 USD, 2023-11-18}
  Expenses:Financial:Commissions                     8.95 USD

2023-11-29 * "Sell shares of ITOT"
  Assets:US:ETrade:ITOT                               -14 ITOT {122.80 USD, 2023-11-18} @ 124.43 USD
  Assets:US:ETrade:Cash                           1733.07 USD
  Expenses:Financial:Commissions                     8.95 USD
  Income:US:ETrade:PnL                             -22.82 USD

2023-12-03 * "Buy shares of ITOT"
  Assets:US:ETrade:Cash                           -508.19 USD
  Assets:US:ETrade:ITOT                                 4 ITOT {124.81 USD, 2023-12-03}
  Expenses:Financial:Commissions                     8.95 USD

2023-12-03 * "Buy shares of GLD"
  Assets:US:ETrade:Cash                           -454.20 USD
  Assets:US:ETrade:GLD                                  5 GLD {89.05 USD, 2023-12-03}
  Expenses:Financial:Commissions                     8.95 USD

2023-12-03 * "Buy shares of VHT"
  Assets:US:ETrade:Cash                           -442.43 USD
  Assets:US:ETrade:VHT                                  4 VHT {108.37 USD, 2023-12-03}
  Expenses:Financial:Commissions                     8.95 USD

2023-12-03 * "Buy shares of VEA"
  Assets:US:ETrade:Cash                           -385.24 USD
  Assets:US:ETrade:VEA                                  3 VEA {125.43 USD, 2023-12-03}
  Expenses:Financial:Commissions                     8.95 USD

2023-12-16 * "Sell shares of GLD"
  Assets:US:ETrade:GLD                                -15 GLD {91.82 USD, 2023-10-02} @ 91.03 USD
  Assets:US:ETrade:Cash                           1356.50 USD
  Expenses:Financial:Commissions                     8.95 USD
  Income:US:ETrade:PnL                              11.85 USD

2023-12-17 * "Dividends on portfolio"
  Assets:US:ETrade:Cash                             44.44 USD
  Income:US:ETrade:ITOT:Dividend                   -44.44 USD

2024-01-09 * "Buy shares of VHT"
  Assets:US:ETrade:Cash                           -339.67 USD
  Assets:US:ETrade:VHT                                  3 VHT {110.24 USD, 2024-01-09}
  Expenses:Financial:Commissions                     8.95 USD

2024-01-09 * "Buy shares of GLD"
  Assets:US:ETrade:Cash                           -393.39 USD
  Assets:US:ETrade:GLD                                  4 GLD {96.11 USD, 2024-01-09}
  Expenses:Financial:Commissions                     8.95 USD

2024-01-09 * "Buy shares of VEA"
  Assets:US:ETrade:Cash                           -398.17 USD
  Assets:US:ETrade:VEA                                  3 VEA {129.74 USD, 2024-01-09}
  Expenses:Financial:Commissions                     8.95 USD

2024-01-09 * "Buy shares of ITOT"
  Assets:US:ETrade:Cash                           -375.91 USD
  Assets:US:ETrade:ITOT                                 3 ITOT {122.32 USD, 2024-01-09}
  Expenses:Financial:Commissions                     8.95 USD

2024-03-17 * "Dividends on portfolio"
  Assets:US:ETrade:Cash                             50.33 USD
  Income:US:ETrade:ITOT:Dividend                   -50.33 USD

2024-06-11 * "Sell shares of ITOT"
  Assets:US:ETrade:ITOT                                -4 ITOT {124.81 USD, 2023-12-03} @ 121.93 USD
  Assets:US:ETrade:Cash                            478.77 USD
  Expenses:Financial:Commissions                     8.95 USD
  Income:US:ETrade:PnL                              11.52 USD

2024-06-17 * "Dividends on portfolio"
  Assets:US:ETrade:Cash                             50.33 USD
  Income:US:ETrade:GLD:Dividend                    -50.33 USD

2024-09-17 * "Dividends on portfolio"
  Assets:US:ETrade:Cash                             50.33 USD
  Income:US:ETrade:VHT:Dividend                    -50.33 USD

2024-09-23 * "Buy shares of VEA"
  Assets:US:ETrade:Cash                          -1055.11 USD
  Assets:US:ETrade:VEA                                  8 VEA {130.77 USD, 2024-09-23}
  Expenses:Financial:Commissions                     8.95 USD

2024-09-23 * "Buy shares of GLD"
  Assets:US:ETrade:Cash                          -1039.25 USD
  Assets:US:ETrade:GLD                                 10 GLD {103.03 USD, 2024-09-23}
  Expenses:Financial:Commissions                     8.95 USD

2024-09-23 * "Buy shares of ITOT"
  Assets:US:ETrade:Cash                           -988.31 USD
  Assets:US:ETrade:ITOT                                 8 ITOT {122.42 USD, 2024-09-23}
  Expenses:Financial:Commissions                     8.95 USD

2024-09-23 * "Buy shares of VHT"
  Assets:US:ETrade:Cash                          -1079.77 USD
  Assets:US:ETrade:VHT                                  9 VHT {118.98 USD, 2024-09-23}
  Expenses:Financial:Commissions                     8.95 USD

2024-11-07 * "Sell shares of ITOT"
  Assets:US:ETrade:ITOT                                -3 ITOT {122.32 USD, 2024-01-09} @ 122.85 USD
  Assets:US:ETrade:Cash                            359.60 USD
  Expenses:Financial:Commissions                     8.95 USD
  Income:US:ETrade:PnL                              -1.59 USD

2024-11-17 * "Buy shares of GLD"
  Assets:US:ETrade:Cash                          -1680.55 USD
  Assets:US:ETrade:GLD                                 15 GLD {111.44 USD, 2024-11-17}
  Expenses:Financial:Commissions                     8.95 USD

2024-11-17 * "Buy shares of VEA"
  Assets:US:ETrade:Cash                          -1617.55 USD
  Assets:US:ETrade:VEA                                 12 VEA {134.05 USD, 2024-11-17}
  Expenses:Financial:Commissions                     8.95 USD

2024-11-17 * "Buy shares of ITOT"
  Assets:US:ETrade:Cash                          -1650.33 USD
  Assets:US:ETrade:ITOT                                13 ITOT {126.26 USD, 2024-11-17}
  Expenses:Financial:Commissions                     8.95 USD

2024-12-17 * "Dividends on portfolio"
  Assets:US:ETrade:Cash                             86.52 USD
  Income:US:ETrade:GLD:Dividend                    -86.52 USD

2025-03-18 * "Dividends on portfolio"
  Assets:US:ETrade:Cash                             86.52 USD
  Income:US:ETrade:VEA:Dividend                    -86.52 USD

2025-06-18 * "Dividends on portfolio"
  Assets:US:ETrade:Cash                             86.52 USD
  Income:US:ETrade:ITOT:Dividend                   -86.52 USD

2025-07-03 * "Sell shares of VEA"
  Assets:US:ETrade:VEA                                -12 VEA {134.05 USD, 2024-11-17} @ 134.65 USD
  Assets:US:ETrade:Cash                           1606.85 USD
  Expenses:Financial:Commissions                     8.95 USD
  Income:US:ETrade:PnL                              -7.20 USD

2025-07-21 * "Sell shares of VEA"
  Assets:US:ETrade:VEA                                 -8 VEA {130.77 USD, 2024-09-23} @ 131.32 USD
  Assets:US:ETrade:Cash                           1041.61 USD
  Expenses:Financial:Commissions                     8.95 USD
  Income:US:ETrade:PnL                              -4.40 USD

2025-07-24 * "Buy shares of ITOT"
  Assets:US:ETrade:Cash                           -883.69 USD
  Assets:US:ETrade:ITOT                                 6 ITOT {145.79 USD, 2025-07-24}
  Expenses:Financial:Commissions                     8.95 USD

2025-07-24 * "Buy shares of VEA"
  Assets:US:ETrade:Cash                           -928.19 USD
  Assets:US:ETrade:VEA                                  7 VEA {131.32 USD, 2025-07-24}
  Expenses:Financial:Commissions                     8.95 USD

2025-07-24 * "Buy shares of VHT"
  Assets:US:ETrade:Cash                           -987.91 USD
  Assets:US:ETrade:VHT                                  8 VHT {122.37 USD, 2025-07-24}
  Expenses:Financial:Commissions                     8.95 USD

2025-09-18 * "Dividends on portfolio"
  Assets:US:ETrade:Cash                             97.61 USD
  Income:US:ETrade:ITOT:Dividend                   -97.61 USD

2025-09-25 * "Buy shares of ITOT"
  Assets:US:ETrade:Cash                          -1046.35 USD
  Assets:US:ETrade:ITOT                                 7 ITOT {148.20 USD, 2025-09-25}
  Expenses:Financial:Commissions                     8.95 USD

2025-09-25 * "Buy shares of VEA"
  Assets:US:ETrade:Cash                          -1059.83 USD
  Assets:US:ETrade:VEA                                  8 VEA {131.36 USD, 2025-09-25}
  Expenses:Financial:Commissions                     8.95 USD

2025-09-25 * "Buy shares of GLD"
  Assets:US:ETrade:Cash                          -1018.23 USD
  Assets:US:ETrade:GLD                                  8 GLD {126.16 USD, 2025-09-25}
  Expenses:Financial:Commissions                     8.95 USD

2025-09-25 * "Buy shares of VHT"
  Assets:US:ETrade:Cash                           -998.23 USD
  Assets:US:ETrade:VHT                                  8 VHT {123.66 USD, 2025-09-25}
  Expenses:Financial:Commissions                     8.95 USD

2025-10-24 * "Buy shares of VEA"
  Assets:US:ETrade:Cash                          -1158.61 USD
  Assets:US:ETrade:VEA                                  9 VEA {127.74 USD, 2025-10-24}
  Expenses:Financial:Commissions                     8.95 USD

2025-10-24 * "Buy shares of GLD"
  Assets:US:ETrade:Cash                          -1144.75 USD
  Assets:US:ETrade:GLD                                  9 GLD {126.20 USD, 2025-10-24}
  Expenses:Financial:Commissions                     8.95 USD

2025-10-24 * "Buy shares of ITOT"
  Assets:US:ETrade:Cash                          -1090.87 USD
  Assets:US:ETrade:ITOT                                 7 ITOT {154.56 USD, 2025-10-24}
  Expenses:Financial:Commissions                     8.95 USD

2025-10-24 * "Buy shares of VHT"
  Assets:US:ETrade:Cash                          -1133.77 USD
  Assets:US:ETrade:VHT                                  9 VHT {124.98 USD, 2025-10-24}
  Expenses:Financial:Commissions                     8.95 USD

2025-10-28 * "Sell shares of ITOT"
  Assets:US:ETrade:ITOT                               -13 ITOT {126.26 USD, 2024-11-17} @ 154.56 USD
  Assets:US:ETrade:Cash                           2000.33 USD
  Expenses:Financial:Commissions                     8.95 USD
  Income:US:ETrade:PnL                            -367.90 USD



* Vanguard Investments

2023-01-01 open Assets:US:Vanguard:VBMPX                     VBMPX
  number: "882882"
2023-01-01 open Assets:US:Vanguard:RGAGX                     RGAGX
  number: "882882"
2023-01-01 open Assets:US:Vanguard                            USD
  institution: "Vanguard Group"
  address: "P.O. Box 1110, Valley Forge, PA 19482-1110"
  phone: "+1.800.523.1188"
2023-01-01 open Income:US:Hooli:Match401k                   USD
2023-01-01 open Assets:US:Vanguard:Cash                       USD
  number: "882882"

2023-01-06 * "Employer match for contribution"
  Assets:US:Vanguard:Cash                          600.00 USD
  Income:US:Hooli:Match401k                       -600.00 USD

2023-01-09 * "Investing 40% of cash in VBMPX"
  Assets:US:Vanguard:VBMPX                          2.539 VBMPX {189.02 USD, 2023-01-09}
  Assets:US:Vanguard:Cash                         -479.92 USD

2023-01-09 * "Investing 60% of cash in RGAGX"
  Assets:US:Vanguard:RGAGX                         17.751 RGAGX {40.56 USD, 2023-01-09}
  Assets:US:Vanguard:Cash                         -719.98 USD

2023-01-09 * "Investing 40% of cash in VBMPX"
  Assets:US:Vanguard:VBMPX                          1.270 VBMPX {189.02 USD, 2023-01-09}
  Assets:US:Vanguard:Cash                         -240.06 USD

2023-01-09 * "Investing 60% of cash in RGAGX"
  Assets:US:Vanguard:RGAGX                          8.877 RGAGX {40.56 USD, 2023-01-09}
  Assets:US:Vanguard:Cash                         -360.05 USD

2023-01-20 * "Employer match for contribution"
  Assets:US:Vanguard:Cash                          600.00 USD
  Income:US:Hooli:Match401k                       -600.00 USD

2023-01-23 * "Investing 40% of cash in VBMPX"
  Assets:US:Vanguard:VBMPX                          2.671 VBMPX {179.68 USD, 2023-01-23}
  Assets:US:Vanguard:Cash                         -479.93 USD

2023-01-23 * "Investing 60% of cash in RGAGX"
  Assets:US:Vanguard:RGAGX                         17.786 RGAGX {40.48 USD, 2023-01-23}
  Assets:US:Vanguard:Cash                         -719.98 USD

2023-01-23 * "Investing 40% of cash in VBMPX"
  Assets:US:Vanguard:VBMPX                          1.336 VBMPX {179.68 USD, 2023-01-23}
  Assets:US:Vanguard:Cash                         -240.05 USD

2023-01-23 * "Investing 60% of cash in RGAGX"
  Assets:US:Vanguard:RGAGX                          8.894 RGAGX {40.48 USD, 2023-01-23}
  Assets:US:Vanguard:Cash                         -360.03 USD

2023-02-03 * "Employer match for contribution"
  Assets:US:Vanguard:Cash                          600.00 USD
  Income:US:Hooli:Match401k                       -600.00 USD

2023-02-06 * "Investing 40% of cash in VBMPX"
  Assets:US:Vanguard:VBMPX                          2.577 VBMPX {186.24 USD, 2023-02-06}
  Assets:US:Vanguard:Cash                         -479.94 USD

2023-02-06 * "Investing 60% of cash in RGAGX"
  Assets:US:Vanguard:RGAGX                         17.557 RGAGX {41.01 USD, 2023-02-06}
  Assets:US:Vanguard:Cash                         -720.01 USD

2023-02-06 * "Investing 40% of cash in VBMPX"
  Assets:US:Vanguard:VBMPX                          1.289 VBMPX {186.24 USD, 2023-02-06}
  Assets:US:Vanguard:Cash                         -240.06 USD

2023-02-06 * "Investing 60% of cash in RGAGX"
  Assets:US:Vanguard:RGAGX                          8.779 RGAGX {41.01 USD, 2023-02-06}
  Assets:US:Vanguard:Cash                         -360.03 USD

2023-02-17 * "Employer match for contribution"
  Assets:US:Vanguard:Cash                          600.00 USD
  Income:US:Hooli:Match401k                       -600.00 USD

2023-02-20 * "Investing 40% of cash in VBMPX"
  Assets:US:Vanguard:VBMPX                          2.698 VBMPX {177.91 USD, 2023-02-20}
  Assets:US:Vanguard:Cash                         -480.00 USD

2023-02-20 * "Investing 60% of cash in RGAGX"
  Assets:US:Vanguard:RGAGX                         18.090 RGAGX {39.80 USD, 2023-02-20}
  Assets:US:Vanguard:Cash                         -719.98 USD

2023-02-20 * "Investing 40% of cash in VBMPX"
  Assets:US:Vanguard:VBMPX                          1.349 VBMPX {177.91 USD, 2023-02-20}
  Assets:US:Vanguard:Cash                         -240.00 USD

2023-02-20 * "Investing 60% of cash in RGAGX"
  Assets:US:Vanguard:RGAGX                          9.045 RGAGX {39.80 USD, 2023-02-20}
  Assets:US:Vanguard:Cash                         -359.99 USD

2023-03-03 * "Employer match for contribution"
  Assets:US:Vanguard:Cash                          600.00 USD
  Income:US:Hooli:Match401k                       -600.00 USD

2023-03-06 * "Investing 40% of cash in VBMPX"
  Assets:US:Vanguard:VBMPX                          2.738 VBMPX {175.28 USD, 2023-03-06}
  Assets:US:Vanguard:Cash                         -479.92 USD

2023-03-06 * "Investing 60% of cash in RGAGX"
  Assets:US:Vanguard:RGAGX                         17.188 RGAGX {41.89 USD, 2023-03-06}
  Assets:US:Vanguard:Cash                         -720.01 USD

2023-03-06 * "Investing 40% of cash in VBMPX"
  Assets:US:Vanguard:VBMPX                          1.369 VBMPX {175.28 USD, 2023-03-06}
  Assets:US:Vanguard:Cash                         -239.96 USD

2023-03-06 * "Investing 60% of cash in RGAGX"
  Assets:US:Vanguard:RGAGX                          8.595 RGAGX {41.89 USD, 2023-03-06}
  Assets:US:Vanguard:Cash                         -360.04 USD

2023-03-17 * "Employer match for contribution"
  Assets:US:Vanguard:Cash                          600.00 USD
  Income:US:Hooli:Match401k                       -600.00 USD

2023-03-20 * "Investing 40% of cash in VBMPX"
  Assets:US:Vanguard:VBMPX                          2.787 VBMPX {172.22 USD, 2023-03-20}
  Assets:US:Vanguard:Cash                         -479.98 USD

2023-03-20 * "Investing 60% of cash in RGAGX"
  Assets:US:Vanguard:RGAGX                         17.678 RGAGX {40.73 USD, 2023-03-20}
  Assets:US:Vanguard:Cash                         -720.02 USD

2023-03-20 * "Investing 40% of cash in VBMPX"
  Assets:US:Vanguard:VBMPX                          1.394 VBMPX {172.22 USD, 2023-03-20}
  Assets:US:Vanguard:Cash                         -240.07 USD

2023-03-20 * "Investing 60% of cash in RGAGX"
  Assets:US:Vanguard:RGAGX                          8.840 RGAGX {40.73 USD, 2023-03-20}
  Assets:US:Vanguard:Cash                         -360.05 USD

2023-03-31 * "Employer match for contribution"
  Assets:US:Vanguard:Cash                          600.00 USD
  Income:US:Hooli:Match401k                       -600.00 USD

2023-04-03 * "Investing 40% of cash in VBMPX"
  Assets:US:Vanguard:VBMPX                          2.738 VBMPX {175.33 USD, 2023-04-03}
  Assets:US:Vanguard:Cash                         -480.05 USD

2023-04-03 * "Investing 60% of cash in RGAGX"
  Assets:US:Vanguard:RGAGX                         17.085 RGAGX {42.14 USD, 2023-04-03}
  Assets:US:Vanguard:Cash                         -719.96 USD

2023-04-03 * "Investing 40% of cash in VBMPX"
  Assets:US:Vanguard:VBMPX                          1.369 VBMPX {175.33 USD, 2023-04-03}
  Assets:US:Vanguard:Cash                         -240.03 USD

2023-04-03 * "Investing 60% of cash in RGAGX"
  Assets:US:Vanguard:RGAGX                          8.542 RGAGX {42.14 USD, 2023-04-03}
  Assets:US:Vanguard:Cash                         -359.96 USD

2023-04-14 * "Employer match for contribution"
  Assets:US:Vanguard:Cash                          600.00 USD
  Income:US:Hooli:Match401k                       -600.00 USD

2023-04-17 * "Investing 40% of cash in VBMPX"
  Assets:US:Vanguard:VBMPX                          2.676 VBMPX {179.33 USD, 2023-04-17}
  Assets:US:Vanguard:Cash                         -479.89 USD

2023-04-17 * "Investing 60% of cash in RGAGX"
  Assets:US:Vanguard:RGAGX                         16.146 RGAGX {44.59 USD, 2023-04-17}
  Assets:US:Vanguard:Cash                         -719.95 USD

2023-04-17 * "Investing 40% of cash in VBMPX"
  Assets:US:Vanguard:VBMPX                          1.339 VBMPX {179.33 USD, 2023-04-17}
  Assets:US:Vanguard:Cash                         -240.12 USD

2023-04-17 * "Investing 60% of cash in RGAGX"
  Assets:US:Vanguard:RGAGX                          8.075 RGAGX {44.59 USD, 2023-04-17}
  Assets:US:Vanguard:Cash                         -360.06 USD

2023-04-28 * "Employer match for contribution"
  Assets:US:Vanguard:Cash                          600.00 USD
  Income:US:Hooli:Match401k                       -600.00 USD

2023-05-01 * "Investing 40% of cash in VBMPX"
  Assets:US:Vanguard:VBMPX                          2.638 VBMPX {181.91 USD, 2023-05-01}
  Assets:US:Vanguard:Cash                         -479.88 USD

2023-05-01 * "Investing 60% of cash in RGAGX"
  Assets:US:Vanguard:RGAGX                         16.296 RGAGX {44.18 USD, 2023-05-01}
  Assets:US:Vanguard:Cash                         -719.96 USD

2023-05-01 * "Investing 40% of cash in VBMPX"
  Assets:US:Vanguard:VBMPX                          1.320 VBMPX {181.91 USD, 2023-05-01}
  Assets:US:Vanguard:Cash                         -240.12 USD

2023-05-01 * "Investing 60% of cash in RGAGX"
  Assets:US:Vanguard:RGAGX                          8.150 RGAGX {44.18 USD, 2023-05-01}
  Assets:US:Vanguard:Cash                         -360.07 USD

2023-05-12 * "Employer match for contribution"
  Assets:US:Vanguard:Cash                          600.00 USD
  Income:US:Hooli:Match401k                       -600.00 USD

2023-05-15 * "Investing 40% of cash in VBMPX"
  Assets:US:Vanguard:VBMPX                          2.646 VBMPX {181.37 USD, 2023-05-15}
  Assets:US:Vanguard:Cash                         -479.91 USD

2023-05-15 * "Investing 60% of cash in RGAGX"
  Assets:US:Vanguard:RGAGX                         16.684 RGAGX {43.15 USD, 2023-05-15}
  Assets:US:Vanguard:Cash                         -719.91 USD

2023-05-15 * "Investing 40% of cash in VBMPX"
  Assets:US:Vanguard:VBMPX                          1.323 VBMPX {181.37 USD, 2023-05-15}
  Assets:US:Vanguard:Cash                         -239.95 USD

2023-05-15 * "Investing 60% of cash in RGAGX"
  Assets:US:Vanguard:RGAGX                          8.344 RGAGX {43.15 USD, 2023-05-15}
  Assets:US:Vanguard:Cash                         -360.04 USD

2023-05-26 * "Employer match for contribution"
  Assets:US:Vanguard:Cash                          600.00 USD
  Income:US:Hooli:Match401k                       -600.00 USD

2023-05-29 * "Investing 40% of cash in VBMPX"
  Assets:US:Vanguard:VBMPX                          2.577 VBMPX {186.25 USD, 2023-05-29}
  Assets:US:Vanguard:Cash                         -479.97 USD

2023-05-29 * "Investing 60% of cash in RGAGX"
  Assets:US:Vanguard:RGAGX                         16.560 RGAGX {43.48 USD, 2023-05-29}
  Assets:US:Vanguard:Cash                         -720.03 USD

2023-05-29 * "Investing 40% of cash in VBMPX"
  Assets:US:Vanguard:VBMPX                          1.289 VBMPX {186.25 USD, 2023-05-29}
  Assets:US:Vanguard:Cash                         -240.08 USD

2023-05-29 * "Investing 60% of cash in RGAGX"
  Assets:US:Vanguard:RGAGX                          8.281 RGAGX {43.48 USD, 2023-05-29}
  Assets:US:Vanguard:Cash                         -360.06 USD

2023-06-09 * "Employer match for contribution"
  Assets:US:Vanguard:Cash                          600.00 USD
  Income:US:Hooli:Match401k                       -600.00 USD

2023-06-12 * "Investing 40% of cash in VBMPX"
  Assets:US:Vanguard:VBMPX                          2.440 VBMPX {196.73 USD, 2023-06-12}
  Assets:US:Vanguard:Cash                         -480.02 USD

2023-06-12 * "Investing 60% of cash in RGAGX"
  Assets:US:Vanguard:RGAGX                         16.755 RGAGX {42.97 USD, 2023-06-12}
  Assets:US:Vanguard:Cash                         -719.96 USD

2023-06-12 * "Investing 40% of cash in VBMPX"
  Assets:US:Vanguard:VBMPX                          1.220 VBMPX {196.73 USD, 2023-06-12}
  Assets:US:Vanguard:Cash                         -240.01 USD

2023-06-12 * "Investing 60% of cash in RGAGX"
  Assets:US:Vanguard:RGAGX                          8.377 RGAGX {42.97 USD, 2023-06-12}
  Assets:US:Vanguard:Cash                         -359.96 USD

2023-06-23 * "Employer match for contribution"
  Assets:US:Vanguard:Cash                          600.00 USD
  Income:US:Hooli:Match401k                       -600.00 USD

2023-06-26 * "Investing 40% of cash in VBMPX"
  Assets:US:Vanguard:VBMPX                          2.410 VBMPX {199.17 USD, 2023-06-26}
  Assets:US:Vanguard:Cash                         -480.00 USD

2023-06-26 * "Investing 60% of cash in RGAGX"
  Assets:US:Vanguard:RGAGX                         17.721 RGAGX {40.63 USD, 2023-06-26}
  Assets:US:Vanguard:Cash                         -720.00 USD

2023-06-26 * "Investing 40% of cash in VBMPX"
  Assets:US:Vanguard:VBMPX                          1.205 VBMPX {199.17 USD, 2023-06-26}
  Assets:US:Vanguard:Cash                         -240.00 USD

2023-06-26 * "Investing 60% of cash in RGAGX"
  Assets:US:Vanguard:RGAGX                          8.860 RGAGX {40.63 USD, 2023-06-26}
  Assets:US:Vanguard:Cash                         -359.98 USD

2023-07-07 * "Employer match for contribution"
  Assets:US:Vanguard:Cash                          600.00 USD
  Income:US:Hooli:Match401k                       -600.00 USD

2023-07-10 * "Investing 40% of cash in VBMPX"
  Assets:US:Vanguard:VBMPX                          2.557 VBMPX {187.71 USD, 2023-07-10}
  Assets:US:Vanguard:Cash                         -479.97 USD

2023-07-10 * "Investing 60% of cash in RGAGX"
  Assets:US:Vanguard:RGAGX                         17.337 RGAGX {41.53 USD, 2023-07-10}
  Assets:US:Vanguard:Cash                         -720.01 USD

2023-07-10 * "Investing 40% of cash in VBMPX"
  Assets:US:Vanguard:VBMPX                          1.279 VBMPX {187.71 USD, 2023-07-10}
  Assets:US:Vanguard:Cash                         -240.08 USD

2023-07-10 * "Investing 60% of cash in RGAGX"
  Assets:US:Vanguard:RGAGX                          8.669 RGAGX {41.53 USD, 2023-07-10}
  Assets:US:Vanguard:Cash                         -360.02 USD

2023-07-21 * "Employer match for contribution"
  Assets:US:Vanguard:Cash                          600.00 USD
  Income:US:Hooli:Match401k                       -600.00 USD

2023-07-24 * "Investing 40% of cash in VBMPX"
  Assets:US:Vanguard:VBMPX                          2.609 VBMPX {183.94 USD, 2023-07-24}
  Assets:US:Vanguard:Cash                         -479.90 USD

2023-07-24 * "Investing 60% of cash in RGAGX"
  Assets:US:Vanguard:RGAGX                         17.089 RGAGX {42.13 USD, 2023-07-24}
  Assets:US:Vanguard:Cash                         -719.96 USD

2023-07-24 * "Investing 40% of cash in VBMPX"
  Assets:US:Vanguard:VBMPX                          1.305 VBMPX {183.94 USD, 2023-07-24}
  Assets:US:Vanguard:Cash                         -240.04 USD

2023-07-24 * "Investing 60% of cash in RGAGX"
  Assets:US:Vanguard:RGAGX                          8.546 RGAGX {42.13 USD, 2023-07-24}
  Assets:US:Vanguard:Cash                         -360.04 USD

2023-08-04 * "Employer match for contribution"
  Assets:US:Vanguard:Cash                          250.00 USD
  Income:US:Hooli:Match401k                       -250.00 USD

2023-08-07 * "Investing 40% of cash in VBMPX"
  Assets:US:Vanguard:VBMPX                          1.070 VBMPX {186.97 USD, 2023-08-07}
  Assets:US:Vanguard:Cash                         -200.06 USD

2023-08-07 * "Investing 60% of cash in RGAGX"
  Assets:US:Vanguard:RGAGX                          6.978 RGAGX {42.99 USD, 2023-08-07}
  Assets:US:Vanguard:Cash                         -299.98 USD

2023-08-07 * "Investing 40% of cash in VBMPX"
  Assets:US:Vanguard:VBMPX                          0.535 VBMPX {186.97 USD, 2023-08-07}
  Assets:US:Vanguard:Cash                         -100.03 USD

2023-08-07 * "Investing 60% of cash in RGAGX"
  Assets:US:Vanguard:RGAGX                          3.488 RGAGX {42.99 USD, 2023-08-07}
  Assets:US:Vanguard:Cash                         -149.95 USD

2024-01-05 * "Employer match for contribution"
  Assets:US:Vanguard:Cash                          600.00 USD
  Income:US:Hooli:Match401k                       -600.00 USD

2024-01-08 * "Investing 40% of cash in VBMPX"
  Assets:US:Vanguard:VBMPX                          2.325 VBMPX {206.47 USD, 2024-01-08}
  Assets:US:Vanguard:Cash                         -480.04 USD

2024-01-08 * "Investing 60% of cash in RGAGX"
  Assets:US:Vanguard:RGAGX                         15.047 RGAGX {47.85 USD, 2024-01-08}
  Assets:US:Vanguard:Cash                         -720.00 USD

2024-01-08 * "Investing 40% of cash in VBMPX"
  Assets:US:Vanguard:VBMPX                          1.162 VBMPX {206.47 USD, 2024-01-08}
  Assets:US:Vanguard:Cash                         -239.92 USD

2024-01-08 * "Investing 60% of cash in RGAGX"
  Assets:US:Vanguard:RGAGX                          7.523 RGAGX {47.85 USD, 2024-01-08}
  Assets:US:Vanguard:Cash                         -359.98 USD

2024-01-19 * "Employer match for contribution"
  Assets:US:Vanguard:Cash                          600.00 USD
  Income:US:Hooli:Match401k                       -600.00 USD

2024-01-22 * "Investing 40% of cash in VBMPX"
  Assets:US:Vanguard:VBMPX                          2.303 VBMPX {208.45 USD, 2024-01-22}
  Assets:US:Vanguard:Cash                         -480.06 USD

2024-01-22 * "Investing 60% of cash in RGAGX"
  Assets:US:Vanguard:RGAGX                         14.947 RGAGX {48.17 USD, 2024-01-22}
  Assets:US:Vanguard:Cash                         -720.00 USD

2024-01-22 * "Investing 40% of cash in VBMPX"
  Assets:US:Vanguard:VBMPX                          1.151 VBMPX {208.45 USD, 2024-01-22}
  Assets:US:Vanguard:Cash                         -239.93 USD

2024-01-22 * "Investing 60% of cash in RGAGX"
  Assets:US:Vanguard:RGAGX                          7.473 RGAGX {48.17 USD, 2024-01-22}
  Assets:US:Vanguard:Cash                         -359.97 USD

2024-02-02 * "Employer match for contribution"
  Assets:US:Vanguard:Cash                          600.00 USD
  Income:US:Hooli:Match401k                       -600.00 USD

2024-02-05 * "Investing 40% of cash in VBMPX"
  Assets:US:Vanguard:VBMPX                          2.239 VBMPX {214.40 USD, 2024-02-05}
  Assets:US:Vanguard:Cash                         -480.04 USD

2024-02-05 * "Investing 60% of cash in RGAGX"
  Assets:US:Vanguard:RGAGX                         14.488 RGAGX {49.70 USD, 2024-02-05}
  Assets:US:Vanguard:Cash                         -720.05 USD

2024-02-05 * "Investing 40% of cash in VBMPX"
  Assets:US:Vanguard:VBMPX                          1.119 VBMPX {214.40 USD, 2024-02-05}
  Assets:US:Vanguard:Cash                         -239.91 USD

2024-02-05 * "Investing 60% of cash in RGAGX"
  Assets:US:Vanguard:RGAGX                          7.243 RGAGX {49.70 USD, 2024-02-05}
  Assets:US:Vanguard:Cash                         -359.98 USD

2024-02-16 * "Employer match for contribution"
  Assets:US:Vanguard:Cash                          600.00 USD
  Income:US:Hooli:Match401k                       -600.00 USD

2024-02-19 * "Investing 40% of cash in VBMPX"
  Assets:US:Vanguard:VBMPX                          2.289 VBMPX {209.70 USD, 2024-02-19}
  Assets:US:Vanguard:Cash                         -480.00 USD

2024-02-19 * "Investing 60% of cash in RGAGX"
  Assets:US:Vanguard:RGAGX                         14.378 RGAGX {50.08 USD, 2024-02-19}
  Assets:US:Vanguard:Cash                         -720.05 USD

2024-02-19 * "Investing 40% of cash in VBMPX"
  Assets:US:Vanguard:VBMPX                          1.145 VBMPX {209.70 USD, 2024-02-19}
  Assets:US:Vanguard:Cash                         -240.11 USD

2024-02-19 * "Investing 60% of cash in RGAGX"
  Assets:US:Vanguard:RGAGX                          7.189 RGAGX {50.08 USD, 2024-02-19}
  Assets:US:Vanguard:Cash                         -360.03 USD

2024-03-01 * "Employer match for contribution"
  Assets:US:Vanguard:Cash                          600.00 USD
  Income:US:Hooli:Match401k                       -600.00 USD

2024-03-04 * "Investing 40% of cash in VBMPX"
  Assets:US:Vanguard:VBMPX                          2.183 VBMPX {219.91 USD, 2024-03-04}
  Assets:US:Vanguard:Cash                         -480.06 USD

2024-03-04 * "Investing 60% of cash in RGAGX"
  Assets:US:Vanguard:RGAGX                         14.486 RGAGX {49.70 USD, 2024-03-04}
  Assets:US:Vanguard:Cash                         -719.95 USD

2024-03-04 * "Investing 40% of cash in VBMPX"
  Assets:US:Vanguard:VBMPX                          1.091 VBMPX {219.91 USD, 2024-03-04}
  Assets:US:Vanguard:Cash                         -239.92 USD

2024-03-04 * "Investing 60% of cash in RGAGX"
  Assets:US:Vanguard:RGAGX                          7.242 RGAGX {49.70 USD, 2024-03-04}
  Assets:US:Vanguard:Cash                         -359.93 USD

2024-03-15 * "Employer match for contribution"
  Assets:US:Vanguard:Cash                          600.00 USD
  Income:US:Hooli:Match401k                       -600.00 USD

2024-03-18 * "Investing 40% of cash in VBMPX"
  Assets:US:Vanguard:VBMPX                          2.045 VBMPX {234.67 USD, 2024-03-18}
  Assets:US:Vanguard:Cash                         -479.90 USD

2024-03-18 * "Investing 60% of cash in RGAGX"
  Assets:US:Vanguard:RGAGX                         14.049 RGAGX {51.25 USD, 2024-03-18}
  Assets:US:Vanguard:Cash                         -720.01 USD

2024-03-18 * "Investing 40% of cash in VBMPX"
  Assets:US:Vanguard:VBMPX                          1.023 VBMPX {234.67 USD, 2024-03-18}
  Assets:US:Vanguard:Cash                         -240.07 USD

2024-03-18 * "Investing 60% of cash in RGAGX"
  Assets:US:Vanguard:RGAGX                          7.026 RGAGX {51.25 USD, 2024-03-18}
  Assets:US:Vanguard:Cash                         -360.08 USD

2024-03-29 * "Employer match for contribution"
  Assets:US:Vanguard:Cash                          600.00 USD
  Income:US:Hooli:Match401k                       -600.00 USD

2024-04-01 * "Investing 40% of cash in VBMPX"
  Assets:US:Vanguard:VBMPX                          2.084 VBMPX {230.37 USD, 2024-04-01}
  Assets:US:Vanguard:Cash                         -480.09 USD

2024-04-01 * "Investing 60% of cash in RGAGX"
  Assets:US:Vanguard:RGAGX                         13.865 RGAGX {51.93 USD, 2024-04-01}
  Assets:US:Vanguard:Cash                         -720.01 USD

2024-04-01 * "Investing 40% of cash in VBMPX"
  Assets:US:Vanguard:VBMPX                          1.042 VBMPX {230.37 USD, 2024-04-01}
  Assets:US:Vanguard:Cash                         -240.05 USD

2024-04-01 * "Investing 60% of cash in RGAGX"
  Assets:US:Vanguard:RGAGX                          6.931 RGAGX {51.93 USD, 2024-04-01}
  Assets:US:Vanguard:Cash                         -359.93 USD

2024-04-12 * "Employer match for contribution"
  Assets:US:Vanguard:Cash                          600.00 USD
  Income:US:Hooli:Match401k                       -600.00 USD

2024-04-15 * "Investing 40% of cash in VBMPX"
  Assets:US:Vanguard:VBMPX                          2.075 VBMPX {231.32 USD, 2024-04-15}
  Assets:US:Vanguard:Cash                         -479.99 USD

2024-04-15 * "Investing 60% of cash in RGAGX"
  Assets:US:Vanguard:RGAGX                         13.609 RGAGX {52.90 USD, 2024-04-15}
  Assets:US:Vanguard:Cash                         -719.92 USD

2024-04-15 * "Investing 40% of cash in VBMPX"
  Assets:US:Vanguard:VBMPX                          1.038 VBMPX {231.32 USD, 2024-04-15}
  Assets:US:Vanguard:Cash                         -240.11 USD

2024-04-15 * "Investing 60% of cash in RGAGX"
  Assets:US:Vanguard:RGAGX                          6.805 RGAGX {52.90 USD, 2024-04-15}
  Assets:US:Vanguard:Cash                         -359.98 USD

2024-04-26 * "Employer match for contribution"
  Assets:US:Vanguard:Cash                          600.00 USD
  Income:US:Hooli:Match401k                       -600.00 USD

2024-04-29 * "Investing 40% of cash in VBMPX"
  Assets:US:Vanguard:VBMPX                          2.067 VBMPX {232.16 USD, 2024-04-29}
  Assets:US:Vanguard:Cash                         -479.87 USD

2024-04-29 * "Investing 60% of cash in RGAGX"
  Assets:US:Vanguard:RGAGX                         13.752 RGAGX {52.35 USD, 2024-04-29}
  Assets:US:Vanguard:Cash                         -719.92 USD

2024-04-29 * "Investing 40% of cash in VBMPX"
  Assets:US:Vanguard:VBMPX                          1.034 VBMPX {232.16 USD, 2024-04-29}
  Assets:US:Vanguard:Cash                         -240.05 USD

2024-04-29 * "Investing 60% of cash in RGAGX"
  Assets:US:Vanguard:RGAGX                          6.878 RGAGX {52.35 USD, 2024-04-29}
  Assets:US:Vanguard:Cash                         -360.06 USD

2024-05-10 * "Employer match for contribution"
  Assets:US:Vanguard:Cash                          600.00 USD
  Income:US:Hooli:Match401k                       -600.00 USD

2024-05-13 * "Investing 40% of cash in VBMPX"
  Assets:US:Vanguard:VBMPX                          2.165 VBMPX {221.73 USD, 2024-05-13}
  Assets:US:Vanguard:Cash                         -480.05 USD

2024-05-13 * "Investing 60% of cash in RGAGX"
  Assets:US:Vanguard:RGAGX                         14.481 RGAGX {49.72 USD, 2024-05-13}
  Assets:US:Vanguard:Cash                         -720.00 USD

2024-05-13 * "Investing 40% of cash in VBMPX"
  Assets:US:Vanguard:VBMPX                          1.082 VBMPX {221.73 USD, 2024-05-13}
  Assets:US:Vanguard:Cash                         -239.91 USD

2024-05-13 * "Investing 60% of cash in RGAGX"
  Assets:US:Vanguard:RGAGX                          7.240 RGAGX {49.72 USD, 2024-05-13}
  Assets:US:Vanguard:Cash                         -359.97 USD

2024-05-24 * "Employer match for contribution"
  Assets:US:Vanguard:Cash                          600.00 USD
  Income:US:Hooli:Match401k                       -600.00 USD

2024-05-27 * "Investing 40% of cash in VBMPX"
  Assets:US:Vanguard:VBMPX                          2.183 VBMPX {219.93 USD, 2024-05-27}
  Assets:US:Vanguard:Cash                         -480.11 USD

2024-05-27 * "Investing 60% of cash in RGAGX"
  Assets:US:Vanguard:RGAGX                         13.938 RGAGX {51.66 USD, 2024-05-27}
  Assets:US:Vanguard:Cash                         -720.04 USD

2024-05-27 * "Investing 40% of cash in VBMPX"
  Assets:US:Vanguard:VBMPX                          1.091 VBMPX {219.93 USD, 2024-05-27}
  Assets:US:Vanguard:Cash                         -239.94 USD

2024-05-27 * "Investing 60% of cash in RGAGX"
  Assets:US:Vanguard:RGAGX                          6.968 RGAGX {51.66 USD, 2024-05-27}
  Assets:US:Vanguard:Cash                         -359.97 USD

2024-06-07 * "Employer match for contribution"
  Assets:US:Vanguard:Cash                          600.00 USD
  Income:US:Hooli:Match401k                       -600.00 USD

2024-06-10 * "Investing 40% of cash in VBMPX"
  Assets:US:Vanguard:VBMPX                          2.173 VBMPX {220.90 USD, 2024-06-10}
  Assets:US:Vanguard:Cash                         -480.02 USD

2024-06-10 * "Investing 60% of cash in RGAGX"
  Assets:US:Vanguard:RGAGX                         13.983 RGAGX {51.49 USD, 2024-06-10}
  Assets:US:Vanguard:Cash                         -719.98 USD

2024-06-10 * "Investing 40% of cash in VBMPX"
  Assets:US:Vanguard:VBMPX                          1.086 VBMPX {220.90 USD, 2024-06-10}
  Assets:US:Vanguard:Cash                         -239.90 USD

2024-06-10 * "Investing 60% of cash in RGAGX"
  Assets:US:Vanguard:RGAGX                          6.992 RGAGX {51.49 USD, 2024-06-10}
  Assets:US:Vanguard:Cash                         -360.02 USD

2024-06-21 * "Employer match for contribution"
  Assets:US:Vanguard:Cash                          600.00 USD
  Income:US:Hooli:Match401k                       -600.00 USD

2024-06-24 * "Investing 40% of cash in VBMPX"
  Assets:US:Vanguard:VBMPX                          2.229 VBMPX {215.34 USD, 2024-06-24}
  Assets:US:Vanguard:Cash                         -479.99 USD

2024-06-24 * "Investing 60% of cash in RGAGX"
  Assets:US:Vanguard:RGAGX                         13.936 RGAGX {51.67 USD, 2024-06-24}
  Assets:US:Vanguard:Cash                         -720.07 USD

2024-06-24 * "Investing 40% of cash in VBMPX"
  Assets:US:Vanguard:VBMPX                          1.115 VBMPX {215.34 USD, 2024-06-24}
  Assets:US:Vanguard:Cash                         -240.10 USD

2024-06-24 * "Investing 60% of cash in RGAGX"
  Assets:US:Vanguard:RGAGX                          6.968 RGAGX {51.67 USD, 2024-06-24}
  Assets:US:Vanguard:Cash                         -360.04 USD

2024-07-05 * "Employer match for contribution"
  Assets:US:Vanguard:Cash                          600.00 USD
  Income:US:Hooli:Match401k                       -600.00 USD

2024-07-08 * "Investing 40% of cash in VBMPX"
  Assets:US:Vanguard:VBMPX                          2.237 VBMPX {214.57 USD, 2024-07-08}
  Assets:US:Vanguard:Cash                         -479.99 USD

2024-07-08 * "Investing 60% of cash in RGAGX"
  Assets:US:Vanguard:RGAGX                         13.752 RGAGX {52.35 USD, 2024-07-08}
  Assets:US:Vanguard:Cash                         -719.92 USD

2024-07-08 * "Investing 40% of cash in VBMPX"
  Assets:US:Vanguard:VBMPX                          1.118 VBMPX {214.57 USD, 2024-07-08}
  Assets:US:Vanguard:Cash                         -239.89 USD

2024-07-08 * "Investing 60% of cash in RGAGX"
  Assets:US:Vanguard:RGAGX                          6.877 RGAGX {52.35 USD, 2024-07-08}
  Assets:US:Vanguard:Cash                         -360.01 USD

2024-07-19 * "Employer match for contribution"
  Assets:US:Vanguard:Cash                          600.00 USD
  Income:US:Hooli:Match401k                       -600.00 USD

2024-07-22 * "Investing 40% of cash in VBMPX"
  Assets:US:Vanguard:VBMPX                          2.178 VBMPX {220.36 USD, 2024-07-22}
  Assets:US:Vanguard:Cash                         -479.94 USD

2024-07-22 * "Investing 60% of cash in RGAGX"
  Assets:US:Vanguard:RGAGX                         14.113 RGAGX {51.02 USD, 2024-07-22}
  Assets:US:Vanguard:Cash                         -720.05 USD

2024-07-22 * "Investing 40% of cash in VBMPX"
  Assets:US:Vanguard:VBMPX                          1.089 VBMPX {220.36 USD, 2024-07-22}
  Assets:US:Vanguard:Cash                         -239.97 USD

2024-07-22 * "Investing 60% of cash in RGAGX"
  Assets:US:Vanguard:RGAGX                          7.057 RGAGX {51.02 USD, 2024-07-22}
  Assets:US:Vanguard:Cash                         -360.05 USD

2024-08-02 * "Employer match for contribution"
  Assets:US:Vanguard:Cash                          250.00 USD
  Income:US:Hooli:Match401k                       -250.00 USD

2024-08-05 * "Investing 40% of cash in VBMPX"
  Assets:US:Vanguard:VBMPX                          0.874 VBMPX {228.83 USD, 2024-08-05}
  Assets:US:Vanguard:Cash                         -200.00 USD

2024-08-05 * "Investing 60% of cash in RGAGX"
  Assets:US:Vanguard:RGAGX                          6.064 RGAGX {49.48 USD, 2024-08-05}
  Assets:US:Vanguard:Cash                         -300.05 USD

2024-08-05 * "Investing 40% of cash in VBMPX"
  Assets:US:Vanguard:VBMPX                          0.437 VBMPX {228.83 USD, 2024-08-05}
  Assets:US:Vanguard:Cash                         -100.00 USD

2024-08-05 * "Investing 60% of cash in RGAGX"
  Assets:US:Vanguard:RGAGX                          3.032 RGAGX {49.48 USD, 2024-08-05}
  Assets:US:Vanguard:Cash                         -150.02 USD

2025-01-03 * "Employer match for contribution"
  Assets:US:Vanguard:Cash                          600.00 USD
  Income:US:Hooli:Match401k                       -600.00 USD

2025-01-06 * "Investing 40% of cash in VBMPX"
  Assets:US:Vanguard:VBMPX                          1.971 VBMPX {243.49 USD, 2025-01-06}
  Assets:US:Vanguard:Cash                         -479.92 USD

2025-01-06 * "Investing 60% of cash in RGAGX"
  Assets:US:Vanguard:RGAGX                         12.046 RGAGX {59.77 USD, 2025-01-06}
  Assets:US:Vanguard:Cash                         -719.99 USD

2025-01-06 * "Investing 40% of cash in VBMPX"
  Assets:US:Vanguard:VBMPX                          0.986 VBMPX {243.49 USD, 2025-01-06}
  Assets:US:Vanguard:Cash                         -240.08 USD

2025-01-06 * "Investing 60% of cash in RGAGX"
  Assets:US:Vanguard:RGAGX                          6.024 RGAGX {59.77 USD, 2025-01-06}
  Assets:US:Vanguard:Cash                         -360.05 USD

2025-01-17 * "Employer match for contribution"
  Assets:US:Vanguard:Cash                          600.00 USD
  Income:US:Hooli:Match401k                       -600.00 USD

2025-01-20 * "Investing 40% of cash in VBMPX"
  Assets:US:Vanguard:VBMPX                          1.965 VBMPX {244.26 USD, 2025-01-20}
  Assets:US:Vanguard:Cash                         -479.97 USD

2025-01-20 * "Investing 60% of cash in RGAGX"
  Assets:US:Vanguard:RGAGX                         11.805 RGAGX {60.99 USD, 2025-01-20}
  Assets:US:Vanguard:Cash                         -719.99 USD

2025-01-20 * "Investing 40% of cash in VBMPX"
  Assets:US:Vanguard:VBMPX                          0.983 VBMPX {244.26 USD, 2025-01-20}
  Assets:US:Vanguard:Cash                         -240.11 USD

2025-01-20 * "Investing 60% of cash in RGAGX"
  Assets:US:Vanguard:RGAGX                          5.903 RGAGX {60.99 USD, 2025-01-20}
  Assets:US:Vanguard:Cash                         -360.02 USD

2025-01-31 * "Employer match for contribution"
  Assets:US:Vanguard:Cash                          600.00 USD
  Income:US:Hooli:Match401k                       -600.00 USD

2025-02-03 * "Investing 40% of cash in VBMPX"
  Assets:US:Vanguard:VBMPX                          2.045 VBMPX {234.65 USD, 2025-02-03}
  Assets:US:Vanguard:Cash                         -479.86 USD

2025-02-03 * "Investing 60% of cash in RGAGX"
  Assets:US:Vanguard:RGAGX                         11.695 RGAGX {61.56 USD, 2025-02-03}
  Assets:US:Vanguard:Cash                         -719.94 USD

2025-02-03 * "Investing 40% of cash in VBMPX"
  Assets:US:Vanguard:VBMPX                          1.023 VBMPX {234.65 USD, 2025-02-03}
  Assets:US:Vanguard:Cash                         -240.05 USD

2025-02-03 * "Investing 60% of cash in RGAGX"
  Assets:US:Vanguard:RGAGX                          5.849 RGAGX {61.56 USD, 2025-02-03}
  Assets:US:Vanguard:Cash                         -360.06 USD

2025-02-14 * "Employer match for contribution"
  Assets:US:Vanguard:Cash                          600.00 USD
  Income:US:Hooli:Match401k                       -600.00 USD

2025-02-17 * "Investing 40% of cash in VBMPX"
  Assets:US:Vanguard:VBMPX                          2.071 VBMPX {231.78 USD, 2025-02-17}
  Assets:US:Vanguard:Cash                         -480.02 USD

2025-02-17 * "Investing 60% of cash in RGAGX"
  Assets:US:Vanguard:RGAGX                         11.626 RGAGX {61.93 USD, 2025-02-17}
  Assets:US:Vanguard:Cash                         -720.00 USD

2025-02-17 * "Investing 40% of cash in VBMPX"
  Assets:US:Vanguard:VBMPX                          1.035 VBMPX {231.78 USD, 2025-02-17}
  Assets:US:Vanguard:Cash                         -239.89 USD

2025-02-17 * "Investing 60% of cash in RGAGX"
  Assets:US:Vanguard:RGAGX                          5.812 RGAGX {61.93 USD, 2025-02-17}
  Assets:US:Vanguard:Cash                         -359.94 USD

2025-02-28 * "Employer match for contribution"
  Assets:US:Vanguard:Cash                          600.00 USD
  Income:US:Hooli:Match401k                       -600.00 USD

2025-03-03 * "Investing 40% of cash in VBMPX"
  Assets:US:Vanguard:VBMPX                          2.103 VBMPX {228.31 USD, 2025-03-03}
  Assets:US:Vanguard:Cash                         -480.14 USD

2025-03-03 * "Investing 60% of cash in RGAGX"
  Assets:US:Vanguard:RGAGX                         10.854 RGAGX {66.34 USD, 2025-03-03}
  Assets:US:Vanguard:Cash                         -720.05 USD

2025-03-03 * "Investing 40% of cash in VBMPX"
  Assets:US:Vanguard:VBMPX                          1.051 VBMPX {228.31 USD, 2025-03-03}
  Assets:US:Vanguard:Cash                         -239.95 USD

2025-03-03 * "Investing 60% of cash in RGAGX"
  Assets:US:Vanguard:RGAGX                          5.426 RGAGX {66.34 USD, 2025-03-03}
  Assets:US:Vanguard:Cash                         -359.96 USD

2025-03-14 * "Employer match for contribution"
  Assets:US:Vanguard:Cash                          600.00 USD
  Income:US:Hooli:Match401k                       -600.00 USD

2025-03-17 * "Investing 40% of cash in VBMPX"
  Assets:US:Vanguard:VBMPX                          2.156 VBMPX {222.67 USD, 2025-03-17}
  Assets:US:Vanguard:Cash                         -480.08 USD

2025-03-17 * "Investing 60% of cash in RGAGX"
  Assets:US:Vanguard:RGAGX                         11.045 RGAGX {65.19 USD, 2025-03-17}
  Assets:US:Vanguard:Cash                         -720.02 USD

2025-03-17 * "Investing 40% of cash in VBMPX"
  Assets:US:Vanguard:VBMPX                          1.078 VBMPX {222.67 USD, 2025-03-17}
  Assets:US:Vanguard:Cash                         -240.04 USD

2025-03-17 * "Investing 60% of cash in RGAGX"
  Assets:US:Vanguard:RGAGX                          5.521 RGAGX {65.19 USD, 2025-03-17}
  Assets:US:Vanguard:Cash                         -359.91 USD

2025-03-28 * "Employer match for contribution"
  Assets:US:Vanguard:Cash                          600.00 USD
  Income:US:Hooli:Match401k                       -600.00 USD

2025-03-31 * "Investing 40% of cash in VBMPX"
  Assets:US:Vanguard:VBMPX                          2.216 VBMPX {216.56 USD, 2025-03-31}
  Assets:US:Vanguard:Cash                         -479.90 USD

2025-03-31 * "Investing 60% of cash in RGAGX"
  Assets:US:Vanguard:RGAGX                         10.704 RGAGX {67.26 USD, 2025-03-31}
  Assets:US:Vanguard:Cash                         -719.95 USD

2025-03-31 * "Investing 40% of cash in VBMPX"
  Assets:US:Vanguard:VBMPX                          1.108 VBMPX {216.56 USD, 2025-03-31}
  Assets:US:Vanguard:Cash                         -239.95 USD

2025-03-31 * "Investing 60% of cash in RGAGX"
  Assets:US:Vanguard:RGAGX                          5.353 RGAGX {67.26 USD, 2025-03-31}
  Assets:US:Vanguard:Cash                         -360.04 USD

2025-04-11 * "Employer match for contribution"
  Assets:US:Vanguard:Cash                          600.00 USD
  Income:US:Hooli:Match401k                       -600.00 USD

2025-04-14 * "Investing 40% of cash in VBMPX"
  Assets:US:Vanguard:VBMPX                          2.234 VBMPX {214.88 USD, 2025-04-14}
  Assets:US:Vanguard:Cash                         -480.04 USD

2025-04-14 * "Investing 60% of cash in RGAGX"
  Assets:US:Vanguard:RGAGX                         10.733 RGAGX {67.09 USD, 2025-04-14}
  Assets:US:Vanguard:Cash                         -720.08 USD

2025-04-14 * "Investing 40% of cash in VBMPX"
  Assets:US:Vanguard:VBMPX                          1.117 VBMPX {214.88 USD, 2025-04-14}
  Assets:US:Vanguard:Cash                         -240.02 USD

2025-04-14 * "Investing 60% of cash in RGAGX"
  Assets:US:Vanguard:RGAGX                          5.366 RGAGX {67.09 USD, 2025-04-14}
  Assets:US:Vanguard:Cash                         -360.00 USD

2025-04-25 * "Employer match for contribution"
  Assets:US:Vanguard:Cash                          600.00 USD
  Income:US:Hooli:Match401k                       -600.00 USD

2025-04-28 * "Investing 40% of cash in VBMPX"
  Assets:US:Vanguard:VBMPX                          2.213 VBMPX {216.86 USD, 2025-04-28}
  Assets:US:Vanguard:Cash                         -479.91 USD

2025-04-28 * "Investing 60% of cash in RGAGX"
  Assets:US:Vanguard:RGAGX                         10.546 RGAGX {68.27 USD, 2025-04-28}
  Assets:US:Vanguard:Cash                         -719.98 USD

2025-04-28 * "Investing 40% of cash in VBMPX"
  Assets:US:Vanguard:VBMPX                          1.107 VBMPX {216.86 USD, 2025-04-28}
  Assets:US:Vanguard:Cash                         -240.06 USD

2025-04-28 * "Investing 60% of cash in RGAGX"
  Assets:US:Vanguard:RGAGX                          5.274 RGAGX {68.27 USD, 2025-04-28}
  Assets:US:Vanguard:Cash                         -360.06 USD

2025-05-09 * "Employer match for contribution"
  Assets:US:Vanguard:Cash                          600.00 USD
  Income:US:Hooli:Match401k                       -600.00 USD

2025-05-12 * "Investing 40% of cash in VBMPX"
  Assets:US:Vanguard:VBMPX                          2.217 VBMPX {216.47 USD, 2025-05-12}
  Assets:US:Vanguard:Cash                         -479.91 USD

2025-05-12 * "Investing 60% of cash in RGAGX"
  Assets:US:Vanguard:RGAGX                         10.339 RGAGX {69.64 USD, 2025-05-12}
  Assets:US:Vanguard:Cash                         -720.01 USD

2025-05-12 * "Investing 40% of cash in VBMPX"
  Assets:US:Vanguard:VBMPX                          1.109 VBMPX {216.47 USD, 2025-05-12}
  Assets:US:Vanguard:Cash                         -240.07 USD

2025-05-12 * "Investing 60% of cash in RGAGX"
  Assets:US:Vanguard:RGAGX                          5.170 RGAGX {69.64 USD, 2025-05-12}
  Assets:US:Vanguard:Cash                         -360.04 USD

2025-05-23 * "Employer match for contribution"
  Assets:US:Vanguard:Cash                          600.00 USD
  Income:US:Hooli:Match401k                       -600.00 USD

2025-05-26 * "Investing 40% of cash in VBMPX"
  Assets:US:Vanguard:VBMPX                          2.400 VBMPX {200.01 USD, 2025-05-26}
  Assets:US:Vanguard:Cash                         -480.02 USD

2025-05-26 * "Investing 60% of cash in RGAGX"
  Assets:US:Vanguard:RGAGX                          9.953 RGAGX {72.34 USD, 2025-05-26}
  Assets:US:Vanguard:Cash                         -720.00 USD

2025-05-26 * "Investing 40% of cash in VBMPX"
  Assets:US:Vanguard:VBMPX                          1.200 VBMPX {200.01 USD, 2025-05-26}
  Assets:US:Vanguard:Cash                         -240.01 USD

2025-05-26 * "Investing 60% of cash in RGAGX"
  Assets:US:Vanguard:RGAGX                          4.976 RGAGX {72.34 USD, 2025-05-26}
  Assets:US:Vanguard:Cash                         -359.96 USD

2025-06-06 * "Employer match for contribution"
  Assets:US:Vanguard:Cash                          600.00 USD
  Income:US:Hooli:Match401k                       -600.00 USD

2025-06-09 * "Investing 40% of cash in VBMPX"
  Assets:US:Vanguard:VBMPX                          2.438 VBMPX {196.86 USD, 2025-06-09}
  Assets:US:Vanguard:Cash                         -479.94 USD

2025-06-09 * "Investing 60% of cash in RGAGX"
  Assets:US:Vanguard:RGAGX                         10.081 RGAGX {71.42 USD, 2025-06-09}
  Assets:US:Vanguard:Cash                         -719.99 USD

2025-06-09 * "Investing 40% of cash in VBMPX"
  Assets:US:Vanguard:VBMPX                          1.219 VBMPX {196.86 USD, 2025-06-09}
  Assets:US:Vanguard:Cash                         -239.97 USD

2025-06-09 * "Investing 60% of cash in RGAGX"
  Assets:US:Vanguard:RGAGX                          5.041 RGAGX {71.42 USD, 2025-06-09}
  Assets:US:Vanguard:Cash                         -360.03 USD

2025-06-20 * "Employer match for contribution"
  Assets:US:Vanguard:Cash                          600.00 USD
  Income:US:Hooli:Match401k                       -600.00 USD

2025-06-23 * "Investing 40% of cash in VBMPX"
  Assets:US:Vanguard:VBMPX                          2.496 VBMPX {192.33 USD, 2025-06-23}
  Assets:US:Vanguard:Cash                         -480.06 USD

2025-06-23 * "Investing 60% of cash in RGAGX"
  Assets:US:Vanguard:RGAGX                          9.889 RGAGX {72.81 USD, 2025-06-23}
  Assets:US:Vanguard:Cash                         -720.02 USD

2025-06-23 * "Investing 40% of cash in VBMPX"
  Assets:US:Vanguard:VBMPX                          1.248 VBMPX {192.33 USD, 2025-06-23}
  Assets:US:Vanguard:Cash                         -240.03 USD

2025-06-23 * "Investing 60% of cash in RGAGX"
  Assets:US:Vanguard:RGAGX                          4.944 RGAGX {72.81 USD, 2025-06-23}
  Assets:US:Vanguard:Cash                         -359.97 USD

2025-07-04 * "Employer match for contribution"
  Assets:US:Vanguard:Cash                          600.00 USD
  Income:US:Hooli:Match401k                       -600.00 USD

2025-07-07 * "Investing 40% of cash in VBMPX"
  Assets:US:Vanguard:VBMPX                          2.507 VBMPX {191.49 USD, 2025-07-07}
  Assets:US:Vanguard:Cash                         -480.07 USD

2025-07-07 * "Investing 60% of cash in RGAGX"
  Assets:US:Vanguard:RGAGX                         10.163 RGAGX {70.84 USD, 2025-07-07}
  Assets:US:Vanguard:Cash                         -719.95 USD

2025-07-07 * "Investing 40% of cash in VBMPX"
  Assets:US:Vanguard:VBMPX                          1.253 VBMPX {191.49 USD, 2025-07-07}
  Assets:US:Vanguard:Cash                         -239.94 USD

2025-07-07 * "Investing 60% of cash in RGAGX"
  Assets:US:Vanguard:RGAGX                          5.081 RGAGX {70.84 USD, 2025-07-07}
  Assets:US:Vanguard:Cash                         -359.94 USD

2025-07-18 * "Employer match for contribution"
  Assets:US:Vanguard:Cash                          600.00 USD
  Income:US:Hooli:Match401k                       -600.00 USD

2025-07-21 * "Investing 40% of cash in VBMPX"
  Assets:US:Vanguard:VBMPX                          2.528 VBMPX {189.89 USD, 2025-07-21}
  Assets:US:Vanguard:Cash                         -480.04 USD

2025-07-21 * "Investing 60% of cash in RGAGX"
  Assets:US:Vanguard:RGAGX                         10.097 RGAGX {71.31 USD, 2025-07-21}
  Assets:US:Vanguard:Cash                         -720.02 USD

2025-07-21 * "Investing 40% of cash in VBMPX"
  Assets:US:Vanguard:VBMPX                          1.264 VBMPX {189.89 USD, 2025-07-21}
  Assets:US:Vanguard:Cash                         -240.02 USD

2025-07-21 * "Investing 60% of cash in RGAGX"
  Assets:US:Vanguard:RGAGX                          5.048 RGAGX {71.31 USD, 2025-07-21}
  Assets:US:Vanguard:Cash                         -359.97 USD

2025-08-01 * "Employer match for contribution"
  Assets:US:Vanguard:Cash                          250.00 USD
  Income:US:Hooli:Match401k                       -250.00 USD

2025-08-04 * "Investing 40% of cash in VBMPX"
  Assets:US:Vanguard:VBMPX                          1.029 VBMPX {194.40 USD, 2025-08-04}
  Assets:US:Vanguard:Cash                         -200.04 USD

2025-08-04 * "Investing 60% of cash in RGAGX"
  Assets:US:Vanguard:RGAGX                          4.278 RGAGX {70.12 USD, 2025-08-04}
  Assets:US:Vanguard:Cash                         -299.97 USD

2025-08-04 * "Investing 40% of cash in VBMPX"
  Assets:US:Vanguard:VBMPX                          0.514 VBMPX {194.40 USD, 2025-08-04}
  Assets:US:Vanguard:Cash                          -99.92 USD

2025-08-04 * "Investing 60% of cash in RGAGX"
  Assets:US:Vanguard:RGAGX                          2.139 RGAGX {70.12 USD, 2025-08-04}
  Assets:US:Vanguard:Cash                         -149.99 USD



* Sources of Income

2023-01-01 open Income:US:Hooli:Salary                      USD
2023-01-01 open Income:US:Hooli:GroupTermLife               USD
2023-01-01 open Income:US:Hooli:Vacation                    VACHR
2023-01-01 open Assets:US:Hooli:Vacation                    VACHR
2023-01-01 open Expenses:Vacation                               VACHR
2023-01-01 open Expenses:Health:Life:GroupTermLife
2023-01-01 open Expenses:Health:Medical:Insurance
2023-01-01 open Expenses:Health:Dental:Insurance
2023-01-01 open Expenses:Health:Vision:Insurance

2023-01-01 event "employer" "Hooli, 1 Carloston Rd, Mountain Beer, CA"

2023-01-05 * "Hooli" "Payroll"
  Assets:US:BofA:Checking                         1350.60 USD
  Assets:US:Vanguard:Cash                         1200.00 USD
  Income:US:Hooli:Salary                         -4615.38 USD
  Income:US:Hooli:GroupTermLife                    -24.32 USD
  Expenses:Health:Life:GroupTermLife                24.32 USD
  Expenses:Health:Dental:Insurance                   2.90 USD
  Expenses:Health:Medical:Insurance                 27.38 USD
  Expenses:Health:Vision:Insurance                  42.30 USD
  Expenses:Taxes:Y2023:US:Medicare                 106.62 USD
  Expenses:Taxes:Y2023:US:Federal                 1062.92 USD
  Expenses:Taxes:Y2023:US:State                    365.08 USD
  Expenses:Taxes:Y2023:US:CityNYC                  174.92 USD
  Expenses:Taxes:Y2023:US:SDI                        1.12 USD
  Expenses:Taxes:Y2023:US:SocSec                   281.54 USD
  Assets:US:Federal:PreTax401k                   -1200.00 IRAUSD
  Expenses:Taxes:Y2023:US:Federal:PreTax401k      1200.00 IRAUSD
  Assets:US:Hooli:Vacation                              5 VACHR
  Income:US:Hooli:Vacation                             -5 VACHR

2023-01-19 * "Hooli" "Payroll"
  Assets:US:BofA:Checking                         1350.60 USD
  Assets:US:Vanguard:Cash                         1200.00 USD
  Income:US:Hooli:Salary                         -4615.38 USD
  Income:US:Hooli:GroupTermLife                    -24.32 USD
  Expenses:Health:Life:GroupTermLife                24.32 USD
  Expenses:Health:Dental:Insurance                   2.90 USD
  Expenses:Health:Medical:Insurance                 27.38 USD
  Expenses:Health:Vision:Insurance                  42.30 USD
  Expenses:Taxes:Y2023:US:Medicare                 106.62 USD
  Expenses:Taxes:Y2023:US:Federal                 1062.92 USD
  Expenses:Taxes:Y2023:US:State                    365.08 USD
  Expenses:Taxes:Y2023:US:CityNYC                  174.92 USD
  Expenses:Taxes:Y2023:US:SDI                        1.12 USD
  Expenses:Taxes:Y2023:US:SocSec                   281.54 USD
  Assets:US:Federal:PreTax401k                   -1200.00 IRAUSD
  Expenses:Taxes:Y2023:US:Federal:PreTax401k      1200.00 IRAUSD
  Assets:US:Hooli:Vacation                              5 VACHR
  Income:US:Hooli:Vacation                             -5 VACHR

2023-02-02 * "Hooli" "Payroll"
  Assets:US:BofA:Checking                         1350.60 USD
  Assets:US:Vanguard:Cash                         1200.00 USD
  Income:US:Hooli:Salary                         -4615.38 USD
  Income:US:Hooli:GroupTermLife                    -24.32 USD
  Expenses:Health:Life:GroupTermLife                24.32 USD
  Expenses:Health:Dental:Insurance                   2.90 USD
  Expenses:Health:Medical:Insurance                 27.38 USD
  Expenses:Health:Vision:Insurance                  42.30 USD
  Expenses:Taxes:Y2023:US:Medicare                 106.62 USD
  Expenses:Taxes:Y2023:US:Federal                 1062.92 USD
  Expenses:Taxes:Y2023:US:State                    365.08 USD
  Expenses:Taxes:Y2023:US:CityNYC                  174.92 USD
  Expenses:Taxes:Y2023:US:SDI                        1.12 USD
  Expenses:Taxes:Y2023:US:SocSec                   281.54 USD
  Assets:US:Federal:PreTax401k                   -1200.00 IRAUSD
  Expenses:Taxes:Y2023:US:Federal:PreTax401k      1200.00 IRAUSD
  Assets:US:Hooli:Vacation                              5 VACHR
  Income:US:Hooli:Vacation                             -5 VACHR

2023-02-16 * "Hooli" "Payroll"
  Assets:US:BofA:Checking                         1350.60 USD
  Assets:US:Vanguard:Cash                         1200.00 USD
  Income:US:Hooli:Salary                         -4615.38 USD
  Income:US:Hooli:GroupTermLife                    -24.32 USD
  Expenses:Health:Life:GroupTermLife                24.32 USD
  Expenses:Health:Dental:Insurance                   2.90 USD
  Expenses:Health:Medical:Insurance                 27.38 USD
  Expenses:Health:Vision:Insurance                  42.30 USD
  Expenses:Taxes:Y2023:US:Medicare                 106.62 USD
  Expenses:Taxes:Y2023:US:Federal                 1062.92 USD
  Expenses:Taxes:Y2023:US:State                    365.08 USD
  Expenses:Taxes:Y2023:US:CityNYC                  174.92 USD
  Expenses:Taxes:Y2023:US:SDI                        1.12 USD
  Expenses:Taxes:Y2023:US:SocSec                   281.54 USD
  Assets:US:Federal:PreTax401k                   -1200.00 IRAUSD
  Expenses:Taxes:Y2023:US:Federal:PreTax401k      1200.00 IRAUSD
  Assets:US:Hooli:Vacation                              5 VACHR
  Income:US:Hooli:Vacation                             -5 VACHR

2023-03-02 * "Hooli" "Payroll"
  Assets:US:BofA:Checking                         1350.60 USD
  Assets:US:Vanguard:Cash                         1200.00 USD
  Income:US:Hooli:Salary                         -4615.38 USD
  Income:US:Hooli:GroupTermLife                    -24.32 USD
  Expenses:Health:Life:GroupTermLife                24.32 USD
  Expenses:Health:Dental:Insurance                   2.90 USD
  Expenses:Health:Medical:Insurance                 27.38 USD
  Expenses:Health:Vision:Insurance                  42.30 USD
  Expenses:Taxes:Y2023:US:Medicare                 106.62 USD
  Expenses:Taxes:Y2023:US:Federal                 1062.92 USD
  Expenses:Taxes:Y2023:US:State                    365.08 USD
  Expenses:Taxes:Y2023:US:CityNYC                  174.92 USD
  Expenses:Taxes:Y2023:US:SDI                        1.12 USD
  Expenses:Taxes:Y2023:US:SocSec                   281.54 USD
  Assets:US:Federal:PreTax401k                   -1200.00 IRAUSD
  Expenses:Taxes:Y2023:US:Federal:PreTax401k      1200.00 IRAUSD
  Assets:US:Hooli:Vacation                              5 VACHR
  Income:US:Hooli:Vacation                             -5 VACHR

2023-03-16 * "Hooli" "Payroll"
  Assets:US:BofA:Checking                         1350.60 USD
  Assets:US:Vanguard:Cash                         1200.00 USD
  Income:US:Hooli:Salary                         -4615.38 USD
  Income:US:Hooli:GroupTermLife                    -24.32 USD
  Expenses:Health:Life:GroupTermLife                24.32 USD
  Expenses:Health:Dental:Insurance                   2.90 USD
  Expenses:Health:Medical:Insurance                 27.38 USD
  Expenses:Health:Vision:Insurance                  42.30 USD
  Expenses:Taxes:Y2023:US:Medicare                 106.62 USD
  Expenses:Taxes:Y2023:US:Federal                 1062.92 USD
  Expenses:Taxes:Y2023:US:State                    365.08 USD
  Expenses:Taxes:Y2023:US:CityNYC                  174.92 USD
  Expenses:Taxes:Y2023:US:SDI                        1.12 USD
  Expenses:Taxes:Y2023:US:SocSec                   281.54 USD
  Assets:US:Federal:PreTax401k                   -1200.00 IRAUSD
  Expenses:Taxes:Y2023:US:Federal:PreTax401k      1200.00 IRAUSD
  Assets:US:Hooli:Vacation                              5 VACHR
  Income:US:Hooli:Vacation                             -5 VACHR

2023-03-30 * "Hooli" "Payroll"
  Assets:US:BofA:Checking                         1350.60 USD
  Assets:US:Vanguard:Cash                         1200.00 USD
  Income:US:Hooli:Salary                         -4615.38 USD
  Income:US:Hooli:GroupTermLife                    -24.32 USD
  Expenses:Health:Life:GroupTermLife                24.32 USD
  Expenses:Health:Dental:Insurance                   2.90 USD
  Expenses:Health:Medical:Insurance                 27.38 USD
  Expenses:Health:Vision:Insurance                  42.30 USD
  Expenses:Taxes:Y2023:US:Medicare                 106.62 USD
  Expenses:Taxes:Y2023:US:Federal                 1062.92 USD
  Expenses:Taxes:Y2023:US:State                    365.08 USD
  Expenses:Taxes:Y2023:US:CityNYC                  174.92 USD
  Expenses:Taxes:Y2023:US:SDI                        1.12 USD
  Expenses:Taxes:Y2023:US:SocSec                   281.54 USD
  Assets:US:Federal:PreTax401k                   -1200.00 IRAUSD
  Expenses:Taxes:Y2023:US:Federal:PreTax401k      1200.00 IRAUSD
  Assets:US:Hooli:Vacation                              5 VACHR
  Income:US:Hooli:Vacation                             -5 VACHR

2023-04-13 * "Hooli" "Payroll"
  Assets:US:BofA:Checking                         1350.60 USD
  Assets:US:Vanguard:Cash                         1200.00 USD
  Income:US:Hooli:Salary                         -4615.38 USD
  Income:US:Hooli:GroupTermLife                    -24.32 USD
  Expenses:Health:Life:GroupTermLife                24.32 USD
  Expenses:Health:Dental:Insurance                   2.90 USD
  Expenses:Health:Medical:Insurance                 27.38 USD
  Expenses:Health:Vision:Insurance                  42.30 USD
  Expenses:Taxes:Y2023:US:Medicare                 106.62 USD
  Expenses:Taxes:Y2023:US:Federal                 1062.92 USD
  Expenses:Taxes:Y2023:US:State                    365.08 USD
  Expenses:Taxes:Y2023:US:CityNYC                  174.92 USD
  Expenses:Taxes:Y2023:US:SDI                        1.12 USD
  Expenses:Taxes:Y2023:US:SocSec                   281.54 USD
  Assets:US:Federal:PreTax401k                   -1200.00 IRAUSD
  Expenses:Taxes:Y2023:US:Federal:PreTax401k      1200.00 IRAUSD
  Assets:US:Hooli:Vacation                              5 VACHR
  Income:US:Hooli:Vacation                             -5 VACHR

2023-04-27 * "Hooli" "Payroll"
  Assets:US:BofA:Checking                         1350.60 USD
  Assets:US:Vanguard:Cash                         1200.00 USD
  Income:US:Hooli:Salary                         -4615.38 USD
  Income:US:Hooli:GroupTermLife                    -24.32 USD
  Expenses:Health:Life:GroupTermLife                24.32 USD
  Expenses:Health:Dental:Insurance                   2.90 USD
  Expenses:Health:Medical:Insurance                 27.38 USD
  Expenses:Health:Vision:Insurance                  42.30 USD
  Expenses:Taxes:Y2023:US:Medicare                 106.62 USD
  Expenses:Taxes:Y2023:US:Federal                 1062.92 USD
  Expenses:Taxes:Y2023:US:State                    365.08 USD
  Expenses:Taxes:Y2023:US:CityNYC                  174.92 USD
  Expenses:Taxes:Y2023:US:SDI                        1.12 USD
  Expenses:Taxes:Y2023:US:SocSec                   281.54 USD
  Assets:US:Federal:PreTax401k                   -1200.00 IRAUSD
  Expenses:Taxes:Y2023:US:Federal:PreTax401k      1200.00 IRAUSD
  Assets:US:Hooli:Vacation                              5 VACHR
  Income:US:Hooli:Vacation                             -5 VACHR

2023-05-11 * "Hooli" "Payroll"
  Assets:US:BofA:Checking                         1350.60 USD
  Assets:US:Vanguard:Cash                         1200.00 USD
  Income:US:Hooli:Salary                         -4615.38 USD
  Income:US:Hooli:GroupTermLife                    -24.32 USD
  Expenses:Health:Life:GroupTermLife                24.32 USD
  Expenses:Health:Dental:Insurance                   2.90 USD
  Expenses:Health:Medical:Insurance                 27.38 USD
  Expenses:Health:Vision:Insurance                  42.30 USD
  Expenses:Taxes:Y2023:US:Medicare                 106.62 USD
  Expenses:Taxes:Y2023:US:Federal                 1062.92 USD
  Expenses:Taxes:Y2023:US:State                    365.08 USD
  Expenses:Taxes:Y2023:US:CityNYC                  174.92 USD
  Expenses:Taxes:Y2023:US:SDI                        1.12 USD
  Expenses:Taxes:Y2023:US:SocSec                   281.54 USD
  Assets:US:Federal:PreTax401k                   -1200.00 IRAUSD
  Expenses:Taxes:Y2023:US:Federal:PreTax401k      1200.00 IRAUSD
  Assets:US:Hooli:Vacation                              5 VACHR
  Income:US:Hooli:Vacation                             -5 VACHR

2023-05-25 * "Hooli" "Payroll"
  Assets:US:BofA:Checking                         1350.60 USD
  Assets:US:Vanguard:Cash                         1200.00 USD
  Income:US:Hooli:Salary                         -4615.38 USD
  Income:US:Hooli:GroupTermLife                    -24.32 USD
  Expenses:Health:Life:GroupTermLife                24.32 USD
  Expenses:Health:Dental:Insurance                   2.90 USD
  Expenses:Health:Medical:Insurance                 27.38 USD
  Expenses:Health:Vision:Insurance                  42.30 USD
  Expenses:Taxes:Y2023:US:Medicare                 106.62 USD
  Expenses:Taxes:Y2023:US:Federal                 1062.92 USD
  Expenses:Taxes:Y2023:US:State                    365.08 USD
  Expenses:Taxes:Y2023:US:CityNYC                  174.92 USD
  Expenses:Taxes:Y2023:US:SDI                        1.12 USD
  Expenses:Taxes:Y2023:US:SocSec                   281.54 USD
  Assets:US:Federal:PreTax401k                   -1200.00 IRAUSD
  Expenses:Taxes:Y2023:US:Federal:PreTax401k      1200.00 IRAUSD
  Assets:US:Hooli:Vacation                              5 VACHR
  Income:US:Hooli:Vacation                             -5 VACHR

2023-06-08 * "Hooli" "Payroll"
  Assets:US:BofA:Checking                         1350.60 USD
  Assets:US:Vanguard:Cash                         1200.00 USD
  Income:US:Hooli:Salary                         -4615.38 USD
  Income:US:Hooli:GroupTermLife                    -24.32 USD
  Expenses:Health:Life:GroupTermLife                24.32 USD
  Expenses:Health:Dental:Insurance                   2.90 USD
  Expenses:Health:Medical:Insurance                 27.38 USD
  Expenses:Health:Vision:Insurance                  42.30 USD
  Expenses:Taxes:Y2023:US:Medicare                 106.62 USD
  Expenses:Taxes:Y2023:US:Federal                 1062.92 USD
  Expenses:Taxes:Y2023:US:State                    365.08 USD
  Expenses:Taxes:Y2023:US:CityNYC                  174.92 USD
  Expenses:Taxes:Y2023:US:SDI                        1.12 USD
  Expenses:Taxes:Y2023:US:SocSec                   281.54 USD
  Assets:US:Federal:PreTax401k                   -1200.00 IRAUSD
  Expenses:Taxes:Y2023:US:Federal:PreTax401k      1200.00 IRAUSD
  Assets:US:Hooli:Vacation                              5 VACHR
  Income:US:Hooli:Vacation                             -5 VACHR

2023-06-22 * "Hooli" "Payroll"
  Assets:US:BofA:Checking                         1350.60 USD
  Assets:US:Vanguard:Cash                         1200.00 USD
  Income:US:Hooli:Salary                         -4615.38 USD
  Income:US:Hooli:GroupTermLife                    -24.32 USD
  Expenses:Health:Life:GroupTermLife                24.32 USD
  Expenses:Health:Dental:Insurance                   2.90 USD
  Expenses:Health:Medical:Insurance                 27.38 USD
  Expenses:Health:Vision:Insurance                  42.30 USD
  Expenses:Taxes:Y2023:US:Medicare                 106.62 USD
  Expenses:Taxes:Y2023:US:Federal                 1062.92 USD
  Expenses:Taxes:Y2023:US:State                    365.08 USD
  Expenses:Taxes:Y2023:US:CityNYC                  174.92 USD
  Expenses:Taxes:Y2023:US:SDI                        1.12 USD
  Expenses:Taxes:Y2023:US:SocSec                   281.54 USD
  Assets:US:Federal:PreTax401k                   -1200.00 IRAUSD
  Expenses:Taxes:Y2023:US:Federal:PreTax401k      1200.00 IRAUSD
  Assets:US:Hooli:Vacation                              5 VACHR
  Income:US:Hooli:Vacation                             -5 VACHR

2023-07-06 * "Hooli" "Payroll"
  Assets:US:BofA:Checking                         1350.60 USD
  Assets:US:Vanguard:Cash                         1200.00 USD
  Income:US:Hooli:Salary                         -4615.38 USD
  Income:US:Hooli:GroupTermLife                    -24.32 USD
  Expenses:Health:Life:GroupTermLife                24.32 USD
  Expenses:Health:Dental:Insurance                   2.90 USD
  Expenses:Health:Medical:Insurance                 27.38 USD
  Expenses:Health:Vision:Insurance                  42.30 USD
  Expenses:Taxes:Y2023:US:Medicare                 106.62 USD
  Expenses:Taxes:Y2023:US:Federal                 1062.92 USD
  Expenses:Taxes:Y2023:US:State                    365.08 USD
  Expenses:Taxes:Y2023:US:CityNYC                  174.92 USD
  Expenses:Taxes:Y2023:US:SDI                        1.12 USD
  Expenses:Taxes:Y2023:US:SocSec                   281.54 USD
  Assets:US:Federal:PreTax401k                   -1200.00 IRAUSD
  Expenses:Taxes:Y2023:US:Federal:PreTax401k      1200.00 IRAUSD
  Assets:US:Hooli:Vacation                              5 VACHR
  Income:US:Hooli:Vacation                             -5 VACHR

2023-07-20 * "Hooli" "Payroll"
  Assets:US:BofA:Checking                         1350.60 USD
  Assets:US:Vanguard:Cash                         1200.00 USD
  Income:US:Hooli:Salary                         -4615.38 USD
  Income:US:Hooli:GroupTermLife                    -24.32 USD
  Expenses:Health:Life:GroupTermLife                24.32 USD
  Expenses:Health:Dental:Insurance                   2.90 USD
  Expenses:Health:Medical:Insurance                 27.38 USD
  Expenses:Health:Vision:Insurance                  42.30 USD
  Expenses:Taxes:Y2023:US:Medicare                 106.62 USD
  Expenses:Taxes:Y2023:US:Federal                 1062.92 USD
  Expenses:Taxes:Y2023:US:State                    365.08 USD
  Expenses:Taxes:Y2023:US:CityNYC                  174.92 USD
  Expenses:Taxes:Y2023:US:SDI                        1.12 USD
  Expenses:Taxes:Y2023:US:SocSec                   281.54 USD
  Assets:US:Federal:PreTax401k                   -1200.00 IRAUSD
  Expenses:Taxes:Y2023:US:Federal:PreTax401k      1200.00 IRAUSD
  Assets:US:Hooli:Vacation                              5 VACHR
  Income:US:Hooli:Vacation                             -5 VACHR

2023-08-03 * "Hooli" "Payroll"
  Assets:US:BofA:Checking                         2050.60 USD
  Assets:US:Vanguard:Cash                          500.00 USD
  Income:US:Hooli:Salary                         -4615.38 USD
  Income:US:Hooli:GroupTermLife                    -24.32 USD
  Expenses:Health:Life:GroupTermLife                24.32 USD
  Expenses:Health:Dental:Insurance                   2.90 USD
  Expenses:Health:Medical:Insurance                 27.38 USD
  Expenses:Health:Vision:Insurance                  42.30 USD
  Expenses:Taxes:Y2023:US:Medicare                 106.62 USD
  Expenses:Taxes:Y2023:US:Federal                 1062.92 USD
  Expenses:Taxes:Y2023:US:State                    365.08 USD
  Expenses:Taxes:Y2023:US:CityNYC                  174.92 USD
  Expenses:Taxes:Y2023:US:SDI                        1.12 USD
  Expenses:Taxes:Y2023:US:SocSec                   281.54 USD
  Assets:US:Federal:PreTax401k                    -500.00 IRAUSD
  Expenses:Taxes:Y2023:US:Federal:PreTax401k       500.00 IRAUSD
  Assets:US:Hooli:Vacation                              5 VACHR
  Income:US:Hooli:Vacation                             -5 VACHR

2023-08-17 * "Hooli" "Payroll"
  Assets:US:BofA:Checking                         2550.60 USD
  Income:US:Hooli:Salary                         -4615.38 USD
  Income:US:Hooli:GroupTermLife                    -24.32 USD
  Expenses:Health:Life:GroupTermLife                24.32 USD
  Expenses:Health:Dental:Insurance                   2.90 USD
  Expenses:Health:Medical:Insurance                 27.38 USD
  Expenses:Health:Vision:Insurance                  42.30 USD
  Expenses:Taxes:Y2023:US:Medicare                 106.62 USD
  Expenses:Taxes:Y2023:US:Federal                 1062.92 USD
  Expenses:Taxes:Y2023:US:State                    365.08 USD
  Expenses:Taxes:Y2023:US:CityNYC                  174.92 USD
  Expenses:Taxes:Y2023:US:SDI                        1.12 USD
  Expenses:Taxes:Y2023:US:SocSec                   281.54 USD
  Assets:US:Hooli:Vacation                              5 VACHR
  Income:US:Hooli:Vacation                             -5 VACHR

2023-08-31 * "Hooli" "Payroll"
  Assets:US:BofA:Checking                         2550.60 USD
  Income:US:Hooli:Salary                         -4615.38 USD
  Income:US:Hooli:GroupTermLife                    -24.32 USD
  Expenses:Health:Life:GroupTermLife                24.32 USD
  Expenses:Health:Dental:Insurance                   2.90 USD
  Expenses:Health:Medical:Insurance                 27.38 USD
  Expenses:Health:Vision:Insurance                  42.30 USD
  Expenses:Taxes:Y2023:US:Medicare                 106.62 USD
  Expenses:Taxes:Y2023:US:Federal                 1062.92 USD
  Expenses:Taxes:Y2023:US:State                    365.08 USD
  Expenses:Taxes:Y2023:US:CityNYC                  174.92 USD
  Expenses:Taxes:Y2023:US:SDI                        1.12 USD
  Expenses:Taxes:Y2023:US:SocSec                   281.54 USD
  Assets:US:Hooli:Vacation                              5 VACHR
  Income:US:Hooli:Vacation                             -5 VACHR

2023-09-14 * "Hooli" "Payroll"
  Assets:US:BofA:Checking                         2550.60 USD
  Income:US:Hooli:Salary                         -4615.38 USD
  Income:US:Hooli:GroupTermLife                    -24.32 USD
  Expenses:Health:Life:GroupTermLife                24.32 USD
  Expenses:Health:Dental:Insurance                   2.90 USD
  Expenses:Health:Medical:Insurance                 27.38 USD
  Expenses:Health:Vision:Insurance                  42.30 USD
  Expenses:Taxes:Y2023:US:Medicare                 106.62 USD
  Expenses:Taxes:Y2023:US:Federal                 1062.92 USD
  Expenses:Taxes:Y2023:US:State                    365.08 USD
  Expenses:Taxes:Y2023:US:CityNYC                  174.92 USD
  Expenses:Taxes:Y2023:US:SDI                        1.12 USD
  Expenses:Taxes:Y2023:US:SocSec                   281.54 USD
  Assets:US:Hooli:Vacation                              5 VACHR
  Income:US:Hooli:Vacation                             -5 VACHR

2023-09-28 * "Hooli" "Payroll"
  Assets:US:BofA:Checking                         2550.60 USD
  Income:US:Hooli:Salary                         -4615.38 USD
  Income:US:Hooli:GroupTermLife                    -24.32 USD
  Expenses:Health:Life:GroupTermLife                24.32 USD
  Expenses:Health:Dental:Insurance                   2.90 USD
  Expenses:Health:Medical:Insurance                 27.38 USD
  Expenses:Health:Vision:Insurance                  42.30 USD
  Expenses:Taxes:Y2023:US:Medicare                 106.62 USD
  Expenses:Taxes:Y2023:US:Federal                 1062.92 USD
  Expenses:Taxes:Y2023:US:State                    365.08 USD
  Expenses:Taxes:Y2023:US:CityNYC                  174.92 USD
  Expenses:Taxes:Y2023:US:SDI                        1.12 USD
  Expenses:Taxes:Y2023:US:SocSec                   281.54 USD
  Assets:US:Hooli:Vacation                              5 VACHR
  Income:US:Hooli:Vacation                             -5 VACHR

2023-10-12 * "Hooli" "Payroll"
  Assets:US:BofA:Checking                         2550.60 USD
  Income:US:Hooli:Salary                         -4615.38 USD
  Income:US:Hooli:GroupTermLife                    -24.32 USD
  Expenses:Health:Life:GroupTermLife                24.32 USD
  Expenses:Health:Dental:Insurance                   2.90 USD
  Expenses:Health:Medical:Insurance                 27.38 USD
  Expenses:Health:Vision:Insurance                  42.30 USD
  Expenses:Taxes:Y2023:US:Medicare                 106.62 USD
  Expenses:Taxes:Y2023:US:Federal                 1062.92 USD
  Expenses:Taxes:Y2023:US:State                    365.08 USD
  Expenses:Taxes:Y2023:US:CityNYC                  174.92 USD
  Expenses:Taxes:Y2023:US:SDI                        1.12 USD
  Expenses:Taxes:Y2023:US:SocSec                   281.54 USD
  Assets:US:Hooli:Vacation                              5 VACHR
  Income:US:Hooli:Vacation                             -5 VACHR

2023-10-26 * "Hooli" "Payroll"
  Assets:US:BofA:Checking                         2550.60 USD
  Income:US:Hooli:Salary                         -4615.38 USD
  Income:US:Hooli:GroupTermLife                    -24.32 USD
  Expenses:Health:Life:GroupTermLife                24.32 USD
  Expenses:Health:Dental:Insurance                   2.90 USD
  Expenses:Health:Medical:Insurance                 27.38 USD
  Expenses:Health:Vision:Insurance                  42.30 USD
  Expenses:Taxes:Y2023:US:Medicare                 106.62 USD
  Expenses:Taxes:Y2023:US:Federal                 1062.92 USD
  Expenses:Taxes:Y2023:US:State                    365.08 USD
  Expenses:Taxes:Y2023:US:CityNYC                  174.92 USD
  Expenses:Taxes:Y2023:US:SDI                        1.12 USD
  Expenses:Taxes:Y2023:US:SocSec                   281.54 USD
  Assets:US:Hooli:Vacation                              5 VACHR
  Income:US:Hooli:Vacation                             -5 VACHR

2023-11-09 * "Hooli" "Payroll"
  Assets:US:BofA:Checking                         2550.60 USD
  Income:US:Hooli:Salary                         -4615.38 USD
  Income:US:Hooli:GroupTermLife                    -24.32 USD
  Expenses:Health:Life:GroupTermLife                24.32 USD
  Expenses:Health:Dental:Insurance                   2.90 USD
  Expenses:Health:Medical:Insurance                 27.38 USD
  Expenses:Health:Vision:Insurance                  42.30 USD
  Expenses:Taxes:Y2023:US:Medicare                 106.62 USD
  Expenses:Taxes:Y2023:US:Federal                 1062.92 USD
  Expenses:Taxes:Y2023:US:State                    365.08 USD
  Expenses:Taxes:Y2023:US:CityNYC                  174.92 USD
  Expenses:Taxes:Y2023:US:SDI                        1.12 USD
  Expenses:Taxes:Y2023:US:SocSec                   281.54 USD
  Assets:US:Hooli:Vacation                              5 VACHR
  Income:US:Hooli:Vacation                             -5 VACHR

2023-11-23 * "Hooli" "Payroll"
  Assets:US:BofA:Checking                         2550.60 USD
  Income:US:Hooli:Salary                         -4615.38 USD
  Income:US:Hooli:GroupTermLife                    -24.32 USD
  Expenses:Health:Life:GroupTermLife                24.32 USD
  Expenses:Health:Dental:Insurance                   2.90 USD
  Expenses:Health:Medical:Insurance                 27.38 USD
  Expenses:Health:Vision:Insurance                  42.30 USD
  Expenses:Taxes:Y2023:US:Medicare                 106.62 USD
  Expenses:Taxes:Y2023:US:Federal                 1062.92 USD
  Expenses:Taxes:Y2023:US:State                    365.08 USD
  Expenses:Taxes:Y2023:US:CityNYC                  174.92 USD
  Expenses:Taxes:Y2023:US:SDI                        1.12 USD
  Expenses:Taxes:Y2023:US:SocSec                   281.54 USD
  Assets:US:Hooli:Vacation                              5 VACHR
  Income:US:Hooli:Vacation                             -5 VACHR

2023-12-07 * "Hooli" "Payroll"
  Assets:US:BofA:Checking                         2589.06 USD
  Income:US:Hooli:Salary                         -4615.38 USD
  Income:US:Hooli:GroupTermLife                    -24.32 USD
  Expenses:Health:Life:GroupTermLife                24.32 USD
  Expenses:Health:Dental:Insurance                   2.90 USD
  Expenses:Health:Medical:Insurance                 27.38 USD
  Expenses:Health:Vision:Insurance                  42.30 USD
  Expenses:Taxes:Y2023:US:Medicare                 106.62 USD
  Expenses:Taxes:Y2023:US:Federal                 1062.92 USD
  Expenses:Taxes:Y2023:US:State                    365.08 USD
  Expenses:Taxes:Y2023:US:CityNYC                  174.92 USD
  Expenses:Taxes:Y2023:US:SDI                        1.12 USD
  Expenses:Taxes:Y2023:US:SocSec                   243.08 USD
  Assets:US:Hooli:Vacation                              5 VACHR
  Income:US:Hooli:Vacation                             -5 VACHR

2023-12-21 * "Hooli" "Payroll"
  Assets:US:BofA:Checking                         2832.14 USD
  Income:US:Hooli:Salary                         -4615.38 USD
  Income:US:Hooli:GroupTermLife                    -24.32 USD
  Expenses:Health:Life:GroupTermLife                24.32 USD
  Expenses:Health:Dental:Insurance                   2.90 USD
  Expenses:Health:Medical:Insurance                 27.38 USD
  Expenses:Health:Vision:Insurance                  42.30 USD
  Expenses:Taxes:Y2023:US:Medicare                 106.62 USD
  Expenses:Taxes:Y2023:US:Federal                 1062.92 USD
  Expenses:Taxes:Y2023:US:State                    365.08 USD
  Expenses:Taxes:Y2023:US:CityNYC                  174.92 USD
  Expenses:Taxes:Y2023:US:SDI                        1.12 USD
  Expenses:Taxes:Y2023:US:SocSec                     0.00 USD
  Assets:US:Hooli:Vacation                              5 VACHR
  Income:US:Hooli:Vacation                             -5 VACHR

2024-01-04 * "Hooli" "Payroll"
  Assets:US:BofA:Checking                         1350.60 USD
  Assets:US:Vanguard:Cash                         1200.00 USD
  Income:US:Hooli:Salary                         -4615.38 USD
  Income:US:Hooli:GroupTermLife                    -24.32 USD
  Expenses:Health:Life:GroupTermLife                24.32 USD
  Expenses:Health:Dental:Insurance                   2.90 USD
  Expenses:Health:Medical:Insurance                 27.38 USD
  Expenses:Health:Vision:Insurance                  42.30 USD
  Expenses:Taxes:Y2024:US:Medicare                 106.62 USD
  Expenses:Taxes:Y2024:US:Federal                 1062.92 USD
  Expenses:Taxes:Y2024:US:State                    365.08 USD
  Expenses:Taxes:Y2024:US:CityNYC                  174.92 USD
  Expenses:Taxes:Y2024:US:SDI                        1.12 USD
  Expenses:Taxes:Y2024:US:SocSec                   281.54 USD
  Assets:US:Federal:PreTax401k                   -1200.00 IRAUSD
  Expenses:Taxes:Y2024:US:Federal:PreTax401k      1200.00 IRAUSD
  Assets:US:Hooli:Vacation                              5 VACHR
  Income:US:Hooli:Vacation                             -5 VACHR

2024-01-18 * "Hooli" "Payroll"
  Assets:US:BofA:Checking                         1350.60 USD
  Assets:US:Vanguard:Cash                         1200.00 USD
  Income:US:Hooli:Salary                         -4615.38 USD
  Income:US:Hooli:GroupTermLife                    -24.32 USD
  Expenses:Health:Life:GroupTermLife                24.32 USD
  Expenses:Health:Dental:Insurance                   2.90 USD
  Expenses:Health:Medical:Insurance                 27.38 USD
  Expenses:Health:Vision:Insurance                  42.30 USD
  Expenses:Taxes:Y2024:US:Medicare                 106.62 USD
  Expenses:Taxes:Y2024:US:Federal                 1062.92 USD
  Expenses:Taxes:Y2024:US:State                    365.08 USD
  Expenses:Taxes:Y2024:US:CityNYC                  174.92 USD
  Expenses:Taxes:Y2024:US:SDI                        1.12 USD
  Expenses:Taxes:Y2024:US:SocSec                   281.54 USD
  Assets:US:Federal:PreTax401k                   -1200.00 IRAUSD
  Expenses:Taxes:Y2024:US:Federal:PreTax401k      1200.00 IRAUSD
  Assets:US:Hooli:Vacation                              5 VACHR
  Income:US:Hooli:Vacation                             -5 VACHR

2024-02-01 * "Hooli" "Payroll"
  Assets:US:BofA:Checking                         1350.60 USD
  Assets:US:Vanguard:Cash                         1200.00 USD
  Income:US:Hooli:Salary                         -4615.38 USD
  Income:US:Hooli:GroupTermLife                    -24.32 USD
  Expenses:Health:Life:GroupTermLife                24.32 USD
  Expenses:Health:Dental:Insurance                   2.90 USD
  Expenses:Health:Medical:Insurance                 27.38 USD
  Expenses:Health:Vision:Insurance                  42.30 USD
  Expenses:Taxes:Y2024:US:Medicare                 106.62 USD
  Expenses:Taxes:Y2024:US:Federal                 1062.92 USD
  Expenses:Taxes:Y2024:US:State                    365.08 USD
  Expenses:Taxes:Y2024:US:CityNYC                  174.92 USD
  Expenses:Taxes:Y2024:US:SDI                        1.12 USD
  Expenses:Taxes:Y2024:US:SocSec                   281.54 USD
  Assets:US:Federal:PreTax401k                   -1200.00 IRAUSD
  Expenses:Taxes:Y2024:US:Federal:PreTax401k      1200.00 IRAUSD
  Assets:US:Hooli:Vacation                              5 VACHR
  Income:US:Hooli:Vacation                             -5 VACHR

2024-02-15 * "Hooli" "Payroll"
  Assets:US:BofA:Checking                         1350.60 USD
  Assets:US:Vanguard:Cash                         1200.00 USD
  Income:US:Hooli:Salary                         -4615.38 USD
  Income:US:Hooli:GroupTermLife                    -24.32 USD
  Expenses:Health:Life:GroupTermLife                24.32 USD
  Expenses:Health:Dental:Insurance                   2.90 USD
  Expenses:Health:Medical:Insurance                 27.38 USD
  Expenses:Health:Vision:Insurance                  42.30 USD
  Expenses:Taxes:Y2024:US:Medicare                 106.62 USD
  Expenses:Taxes:Y2024:US:Federal                 1062.92 USD
  Expenses:Taxes:Y2024:US:State                    365.08 USD
  Expenses:Taxes:Y2024:US:CityNYC                  174.92 USD
  Expenses:Taxes:Y2024:US:SDI                        1.12 USD
  Expenses:Taxes:Y2024:US:SocSec                   281.54 USD
  Assets:US:Federal:PreTax401k                   -1200.00 IRAUSD
  Expenses:Taxes:Y2024:US:Federal:PreTax401k      1200.00 IRAUSD
  Assets:US:Hooli:Vacation                              5 VACHR
  Income:US:Hooli:Vacation                             -5 VACHR

2024-02-29 * "Hooli" "Payroll"
  Assets:US:BofA:Checking                         1350.60 USD
  Assets:US:Vanguard:Cash                         1200.00 USD
  Income:US:Hooli:Salary                         -4615.38 USD
  Income:US:Hooli:GroupTermLife                    -24.32 USD
  Expenses:Health:Life:GroupTermLife                24.32 USD
  Expenses:Health:Dental:Insurance                   2.90 USD
  Expenses:Health:Medical:Insurance                 27.38 USD
  Expenses:Health:Vision:Insurance                  42.30 USD
  Expenses:Taxes:Y2024:US:Medicare                 106.62 USD
  Expenses:Taxes:Y2024:US:Federal                 1062.92 USD
  Expenses:Taxes:Y2024:US:State                    365.08 USD
  Expenses:Taxes:Y2024:US:CityNYC                  174.92 USD
  Expenses:Taxes:Y2024:US:SDI                        1.12 USD
  Expenses:Taxes:Y2024:US:SocSec                   281.54 USD
  Assets:US:Federal:PreTax401k                   -1200.00 IRAUSD
  Expenses:Taxes:Y2024:US:Federal:PreTax401k      1200.00 IRAUSD
  Assets:US:Hooli:Vacation                              5 VACHR
  Income:US:Hooli:Vacation                             -5 VACHR

2024-03-14 * "Hooli" "Payroll"
  Assets:US:BofA:Checking                         1350.60 USD
  Assets:US:Vanguard:Cash                         1200.00 USD
  Income:US:Hooli:Salary                         -4615.38 USD
  Income:US:Hooli:GroupTermLife                    -24.32 USD
  Expenses:Health:Life:GroupTermLife                24.32 USD
  Expenses:Health:Dental:Insurance                   2.90 USD
  Expenses:Health:Medical:Insurance                 27.38 USD
  Expenses:Health:Vision:Insurance                  42.30 USD
  Expenses:Taxes:Y2024:US:Medicare                 106.62 USD
  Expenses:Taxes:Y2024:US:Federal                 1062.92 USD
  Expenses:Taxes:Y2024:US:State                    365.08 USD
  Expenses:Taxes:Y2024:US:CityNYC                  174.92 USD
  Expenses:Taxes:Y2024:US:SDI                        1.12 USD
  Expenses:Taxes:Y2024:US:SocSec                   281.54 USD
  Assets:US:Federal:PreTax401k                   -1200.00 IRAUSD
  Expenses:Taxes:Y2024:US:Federal:PreTax401k      1200.00 IRAUSD
  Assets:US:Hooli:Vacation                              5 VACHR
  Income:US:Hooli:Vacation                             -5 VACHR

2024-03-28 * "Hooli" "Payroll"
  Assets:US:BofA:Checking                         1350.60 USD
  Assets:US:Vanguard:Cash                         1200.00 USD
  Income:US:Hooli:Salary                         -4615.38 USD
  Income:US:Hooli:GroupTermLife                    -24.32 USD
  Expenses:Health:Life:GroupTermLife                24.32 USD
  Expenses:Health:Dental:Insurance                   2.90 USD
  Expenses:Health:Medical:Insurance                 27.38 USD
  Expenses:Health:Vision:Insurance                  42.30 USD
  Expenses:Taxes:Y2024:US:Medicare                 106.62 USD
  Expenses:Taxes:Y2024:US:Federal                 1062.92 USD
  Expenses:Taxes:Y2024:US:State                    365.08 USD
  Expenses:Taxes:Y2024:US:CityNYC                  174.92 USD
  Expenses:Taxes:Y2024:US:SDI                        1.12 USD
  Expenses:Taxes:Y2024:US:SocSec                   281.54 USD
  Assets:US:Federal:PreTax401k                   -1200.00 IRAUSD
  Expenses:Taxes:Y2024:US:Federal:PreTax401k      1200.00 IRAUSD
  Assets:US:Hooli:Vacation                              5 VACHR
  Income:US:Hooli:Vacation                             -5 VACHR

2024-04-11 * "Hooli" "Payroll"
  Assets:US:BofA:Checking                         1350.60 USD
  Assets:US:Vanguard:Cash                         1200.00 USD
  Income:US:Hooli:Salary                         -4615.38 USD
  Income:US:Hooli:GroupTermLife                    -24.32 USD
  Expenses:Health:Life:GroupTermLife                24.32 USD
  Expenses:Health:Dental:Insurance                   2.90 USD
  Expenses:Health:Medical:Insurance                 27.38 USD
  Expenses:Health:Vision:Insurance                  42.30 USD
  Expenses:Taxes:Y2024:US:Medicare                 106.62 USD
  Expenses:Taxes:Y2024:US:Federal                 1062.92 USD
  Expenses:Taxes:Y2024:US:State                    365.08 USD
  Expenses:Taxes:Y2024:US:CityNYC                  174.92 USD
  Expenses:Taxes:Y2024:US:SDI                        1.12 USD
  Expenses:Taxes:Y2024:US:SocSec                   281.54 USD
  Assets:US:Federal:PreTax401k                   -1200.00 IRAUSD
  Expenses:Taxes:Y2024:US:Federal:PreTax401k      1200.00 IRAUSD
  Assets:US:Hooli:Vacation                              5 VACHR
  Income:US:Hooli:Vacation                             -5 VACHR

2024-04-25 * "Hooli" "Payroll"
  Assets:US:BofA:Checking                         1350.60 USD
  Assets:US:Vanguard:Cash                         1200.00 USD
  Income:US:Hooli:Salary                         -4615.38 USD
  Income:US:Hooli:GroupTermLife                    -24.32 USD
  Expenses:Health:Life:GroupTermLife                24.32 USD
  Expenses:Health:Dental:Insurance                   2.90 USD
  Expenses:Health:Medical:Insurance                 27.38 USD
  Expenses:Health:Vision:Insurance                  42.30 USD
  Expenses:Taxes:Y2024:US:Medicare                 106.62 USD
  Expenses:Taxes:Y2024:US:Federal                 1062.92 USD
  Expenses:Taxes:Y2024:US:State                    365.08 USD
  Expenses:Taxes:Y2024:US:CityNYC                  174.92 USD
  Expenses:Taxes:Y2024:US:SDI                        1.12 USD
  Expenses:Taxes:Y2024:US:SocSec                   281.54 USD
  Assets:US:Federal:PreTax401k                   -1200.00 IRAUSD
  Expenses:Taxes:Y2024:US:Federal:PreTax401k      1200.00 IRAUSD
  Assets:US:Hooli:Vacation                              5 VACHR
  Income:US:Hooli:Vacation                             -5 VACHR

2024-05-09 * "Hooli" "Payroll"
  Assets:US:BofA:Checking                         1350.60 USD
  Assets:US:Vanguard:Cash                         1200.00 USD
  Income:US:Hooli:Salary                         -4615.38 USD
  Income:US:Hooli:GroupTermLife                    -24.32 USD
  Expenses:Health:Life:GroupTermLife                24.32 USD
  Expenses:Health:Dental:Insurance                   2.90 USD
  Expenses:Health:Medical:Insurance                 27.38 USD
  Expenses:Health:Vision:Insurance                  42.30 USD
  Expenses:Taxes:Y2024:US:Medicare                 106.62 USD
  Expenses:Taxes:Y2024:US:Federal                 1062.92 USD
  Expenses:Taxes:Y2024:US:State                    365.08 USD
  Expenses:Taxes:Y2024:US:CityNYC                  174.92 USD
  Expenses:Taxes:Y2024:US:SDI                        1.12 USD
  Expenses:Taxes:Y2024:US:SocSec                   281.54 USD
  Assets:US:Federal:PreTax401k                   -1200.00 IRAUSD
  Expenses:Taxes:Y2024:US:Federal:PreTax401k      1200.00 IRAUSD
  Assets:US:Hooli:Vacation                              5 VACHR
  Income:US:Hooli:Vacation                             -5 VACHR

2024-05-23 * "Hooli" "Payroll"
  Assets:US:BofA:Checking                         1350.60 USD
  Assets:US:Vanguard:Cash                         1200.00 USD
  Income:US:Hooli:Salary                         -4615.38 USD
  Income:US:Hooli:GroupTermLife                    -24.32 USD
  Expenses:Health:Life:GroupTermLife                24.32 USD
  Expenses:Health:Dental:Insurance                   2.90 USD
  Expenses:Health:Medical:Insurance                 27.38 USD
  Expenses:Health:Vision:Insurance                  42.30 USD
  Expenses:Taxes:Y2024:US:Medicare                 106.62 USD
  Expenses:Taxes:Y2024:US:Federal                 1062.92 USD
  Expenses:Taxes:Y2024:US:State                    365.08 USD
  Expenses:Taxes:Y2024:US:CityNYC                  174.92 USD
  Expenses:Taxes:Y2024:US:SDI                        1.12 USD
  Expenses:Taxes:Y2024:US:SocSec                   281.54 USD
  Assets:US:Federal:PreTax401k                   -1200.00 IRAUSD
  Expenses:Taxes:Y2024:US:Federal:PreTax401k      1200.00 IRAUSD
  Assets:US:Hooli:Vacation                              5 VACHR
  Income:US:Hooli:Vacation                             -5 VACHR

2024-06-06 * "Hooli" "Payroll"
  Assets:US:BofA:Checking                         1350.60 USD
  Assets:US:Vanguard:Cash                         1200.00 USD
  Income:US:Hooli:Salary                         -4615.38 USD
  Income:US:Hooli:GroupTermLife                    -24.32 USD
  Expenses:Health:Life:GroupTermLife                24.32 USD
  Expenses:Health:Dental:Insurance                   2.90 USD
  Expenses:Health:Medical:Insurance                 27.38 USD
  Expenses:Health:Vision:Insurance                  42.30 USD
  Expenses:Taxes:Y2024:US:Medicare                 106.62 USD
  Expenses:Taxes:Y2024:US:Federal                 1062.92 USD
  Expenses:Taxes:Y2024:US:State                    365.08 USD
  Expenses:Taxes:Y2024:US:CityNYC                  174.92 USD
  Expenses:Taxes:Y2024:US:SDI                        1.12 USD
  Expenses:Taxes:Y2024:US:SocSec                   281.54 USD
  Assets:US:Federal:PreTax401k                   -1200.00 IRAUSD
  Expenses:Taxes:Y2024:US:Federal:PreTax401k      1200.00 IRAUSD
  Assets:US:Hooli:Vacation                              5 VACHR
  Income:US:Hooli:Vacation                             -5 VACHR

2024-06-20 * "Hooli" "Payroll"
  Assets:US:BofA:Checking                         1350.60 USD
  Assets:US:Vanguard:Cash                         1200.00 USD
  Income:US:Hooli:Salary                         -4615.38 USD
  Income:US:Hooli:GroupTermLife                    -24.32 USD
  Expenses:Health:Life:GroupTermLife                24.32 USD
  Expenses:Health:Dental:Insurance                   2.90 USD
  Expenses:Health:Medical:Insurance                 27.38 USD
  Expenses:Health:Vision:Insurance                  42.30 USD
  Expenses:Taxes:Y2024:US:Medicare                 106.62 USD
  Expenses:Taxes:Y2024:US:Federal                 1062.92 USD
  Expenses:Taxes:Y2024:US:State                    365.08 USD
  Expenses:Taxes:Y2024:US:CityNYC                  174.92 USD
  Expenses:Taxes:Y2024:US:SDI                        1.12 USD
  Expenses:Taxes:Y2024:US:SocSec                   281.54 USD
  Assets:US:Federal:PreTax401k                   -1200.00 IRAUSD
  Expenses:Taxes:Y2024:US:Federal:PreTax401k      1200.00 IRAUSD
  Assets:US:Hooli:Vacation                              5 VACHR
  Income:US:Hooli:Vacation                             -5 VACHR

2024-07-04 * "Hooli" "Payroll"
  Assets:US:BofA:Checking                         1350.60 USD
  Assets:US:Vanguard:Cash                         1200.00 USD
  Income:US:Hooli:Salary                         -4615.38 USD
  Income:US:Hooli:GroupTermLife                    -24.32 USD
  Expenses:Health:Life:GroupTermLife                24.32 USD
  Expenses:Health:Dental:Insurance                   2.90 USD
  Expenses:Health:Medical:Insurance                 27.38 USD
  Expenses:Health:Vision:Insurance                  42.30 USD
  Expenses:Taxes:Y2024:US:Medicare                 106.62 USD
  Expenses:Taxes:Y2024:US:Federal                 1062.92 USD
  Expenses:Taxes:Y2024:US:State                    365.08 USD
  Expenses:Taxes:Y2024:US:CityNYC                  174.92 USD
  Expenses:Taxes:Y2024:US:SDI                        1.12 USD
  Expenses:Taxes:Y2024:US:SocSec                   281.54 USD
  Assets:US:Federal:PreTax401k                   -1200.00 IRAUSD
  Expenses:Taxes:Y2024:US:Federal:PreTax401k      1200.00 IRAUSD
  Assets:US:Hooli:Vacation                              5 VACHR
  Income:US:Hooli:Vacation                             -5 VACHR

2024-07-18 * "Hooli" "Payroll"
  Assets:US:BofA:Checking                         1350.60 USD
  Assets:US:Vanguard:Cash                         1200.00 USD
  Income:US:Hooli:Salary                         -4615.38 USD
  Income:US:Hooli:GroupTermLife                    -24.32 USD
  Expenses:Health:Life:GroupTermLife                24.32 USD
  Expenses:Health:Dental:Insurance                   2.90 USD
  Expenses:Health:Medical:Insurance                 27.38 USD
  Expenses:Health:Vision:Insurance                  42.30 USD
  Expenses:Taxes:Y2024:US:Medicare                 106.62 USD
  Expenses:Taxes:Y2024:US:Federal                 1062.92 USD
  Expenses:Taxes:Y2024:US:State                    365.08 USD
  Expenses:Taxes:Y2024:US:CityNYC                  174.92 USD
  Expenses:Taxes:Y2024:US:SDI                        1.12 USD
  Expenses:Taxes:Y2024:US:SocSec                   281.54 USD
  Assets:US:Federal:PreTax401k                   -1200.00 IRAUSD
  Expenses:Taxes:Y2024:US:Federal:PreTax401k      1200.00 IRAUSD
  Assets:US:Hooli:Vacation                              5 VACHR
  Income:US:Hooli:Vacation                             -5 VACHR

2024-08-01 * "Hooli" "Payroll"
  Assets:US:BofA:Checking                         2050.60 USD
  Assets:US:Vanguard:Cash                          500.00 USD
  Income:US:Hooli:Salary                         -4615.38 USD
  Income:US:Hooli:GroupTermLife                    -24.32 USD
  Expenses:Health:Life:GroupTermLife                24.32 USD
  Expenses:Health:Dental:Insurance                   2.90 USD
  Expenses:Health:Medical:Insurance                 27.38 USD
  Expenses:Health:Vision:Insurance                  42.30 USD
  Expenses:Taxes:Y2024:US:Medicare                 106.62 USD
  Expenses:Taxes:Y2024:US:Federal                 1062.92 USD
  Expenses:Taxes:Y2024:US:State                    365.08 USD
  Expenses:Taxes:Y2024:US:CityNYC                  174.92 USD
  Expenses:Taxes:Y2024:US:SDI                        1.12 USD
  Expenses:Taxes:Y2024:US:SocSec                   281.54 USD
  Assets:US:Federal:PreTax401k                    -500.00 IRAUSD
  Expenses:Taxes:Y2024:US:Federal:PreTax401k       500.00 IRAUSD
  Assets:US:Hooli:Vacation                              5 VACHR
  Income:US:Hooli:Vacation                             -5 VACHR

2024-08-15 * "Hooli" "Payroll"
  Assets:US:BofA:Checking                         2550.60 USD
  Income:US:Hooli:Salary                         -4615.38 USD
  Income:US:Hooli:GroupTermLife                    -24.32 USD
  Expenses:Health:Life:GroupTermLife                24.32 USD
  Expenses:Health:Dental:Insurance                   2.90 USD
  Expenses:Health:Medical:Insurance                 27.38 USD
  Expenses:Health:Vision:Insurance                  42.30 USD
  Expenses:Taxes:Y2024:US:Medicare                 106.62 USD
  Expenses:Taxes:Y2024:US:Federal                 1062.92 USD
  Expenses:Taxes:Y2024:US:State                    365.08 USD
  Expenses:Taxes:Y2024:US:CityNYC                  174.92 USD
  Expenses:Taxes:Y2024:US:SDI                        1.12 USD
  Expenses:Taxes:Y2024:US:SocSec                   281.54 USD
  Assets:US:Hooli:Vacation                              5 VACHR
  Income:US:Hooli:Vacation                             -5 VACHR

2024-08-29 * "Hooli" "Payroll"
  Assets:US:BofA:Checking                         2550.60 USD
  Income:US:Hooli:Salary                         -4615.38 USD
  Income:US:Hooli:GroupTermLife                    -24.32 USD
  Expenses:Health:Life:GroupTermLife                24.32 USD
  Expenses:Health:Dental:Insurance                   2.90 USD
  Expenses:Health:Medical:Insurance                 27.38 USD
  Expenses:Health:Vision:Insurance                  42.30 USD
  Expenses:Taxes:Y2024:US:Medicare                 106.62 USD
  Expenses:Taxes:Y2024:US:Federal                 1062.92 USD
  Expenses:Taxes:Y2024:US:State                    365.08 USD
  Expenses:Taxes:Y2024:US:CityNYC                  174.92 USD
  Expenses:Taxes:Y2024:US:SDI                        1.12 USD
  Expenses:Taxes:Y2024:US:SocSec                   281.54 USD
  Assets:US:Hooli:Vacation                              5 VACHR
  Income:US:Hooli:Vacation                             -5 VACHR

2024-09-12 * "Hooli" "Payroll"
  Assets:US:BofA:Checking                         2550.60 USD
  Income:US:Hooli:Salary                         -4615.38 USD
  Income:US:Hooli:GroupTermLife                    -24.32 USD
  Expenses:Health:Life:GroupTermLife                24.32 USD
  Expenses:Health:Dental:Insurance                   2.90 USD
  Expenses:Health:Medical:Insurance                 27.38 USD
  Expenses:Health:Vision:Insurance                  42.30 USD
  Expenses:Taxes:Y2024:US:Medicare                 106.62 USD
  Expenses:Taxes:Y2024:US:Federal                 1062.92 USD
  Expenses:Taxes:Y2024:US:State                    365.08 USD
  Expenses:Taxes:Y2024:US:CityNYC                  174.92 USD
  Expenses:Taxes:Y2024:US:SDI                        1.12 USD
  Expenses:Taxes:Y2024:US:SocSec                   281.54 USD
  Assets:US:Hooli:Vacation                              5 VACHR
  Income:US:Hooli:Vacation                             -5 VACHR

2024-09-26 * "Hooli" "Payroll"
  Assets:US:BofA:Checking                         2550.60 USD
  Income:US:Hooli:Salary                         -4615.38 USD
  Income:US:Hooli:GroupTermLife                    -24.32 USD
  Expenses:Health:Life:GroupTermLife                24.32 USD
  Expenses:Health:Dental:Insurance                   2.90 USD
  Expenses:Health:Medical:Insurance                 27.38 USD
  Expenses:Health:Vision:Insurance                  42.30 USD
  Expenses:Taxes:Y2024:US:Medicare                 106.62 USD
  Expenses:Taxes:Y2024:US:Federal                 1062.92 USD
  Expenses:Taxes:Y2024:US:State                    365.08 USD
  Expenses:Taxes:Y2024:US:CityNYC                  174.92 USD
  Expenses:Taxes:Y2024:US:SDI                        1.12 USD
  Expenses:Taxes:Y2024:US:SocSec                   281.54 USD
  Assets:US:Hooli:Vacation                              5 VACHR
  Income:US:Hooli:Vacation                             -5 VACHR

2024-10-10 * "Hooli" "Payroll"
  Assets:US:BofA:Checking                         2550.60 USD
  Income:US:Hooli:Salary                         -4615.38 USD
  Income:US:Hooli:GroupTermLife                    -24.32 USD
  Expenses:Health:Life:GroupTermLife                24.32 USD
  Expenses:Health:Dental:Insurance                   2.90 USD
  Expenses:Health:Medical:Insurance                 27.38 USD
  Expenses:Health:Vision:Insurance                  42.30 USD
  Expenses:Taxes:Y2024:US:Medicare                 106.62 USD
  Expenses:Taxes:Y2024:US:Federal                 1062.92 USD
  Expenses:Taxes:Y2024:US:State                    365.08 USD
  Expenses:Taxes:Y2024:US:CityNYC                  174.92 USD
  Expenses:Taxes:Y2024:US:SDI                        1.12 USD
  Expenses:Taxes:Y2024:US:SocSec                   281.54 USD
  Assets:US:Hooli:Vacation                              5 VACHR
  Income:US:Hooli:Vacation                             -5 VACHR

2024-10-24 * "Hooli" "Payroll"
  Assets:US:BofA:Checking                         2550.60 USD
  Income:US:Hooli:Salary                         -4615.38 USD
  Income:US:Hooli:GroupTermLife                    -24.32 USD
  Expenses:Health:Life:GroupTermLife                24.32 USD
  Expenses:Health:Dental:Insurance                   2.90 USD
  Expenses:Health:Medical:Insurance                 27.38 USD
  Expenses:Health:Vision:Insurance                  42.30 USD
  Expenses:Taxes:Y2024:US:Medicare                 106.62 USD
  Expenses:Taxes:Y2024:US:Federal                 1062.92 USD
  Expenses:Taxes:Y2024:US:State                    365.08 USD
  Expenses:Taxes:Y2024:US:CityNYC                  174.92 USD
  Expenses:Taxes:Y2024:US:SDI                        1.12 USD
  Expenses:Taxes:Y2024:US:SocSec                   281.54 USD
  Assets:US:Hooli:Vacation                              5 VACHR
  Income:US:Hooli:Vacation                             -5 VACHR

2024-11-07 * "Hooli" "Payroll"
  Assets:US:BofA:Checking                         2550.60 USD
  Income:US:Hooli:Salary                         -4615.38 USD
  Income:US:Hooli:GroupTermLife                    -24.32 USD
  Expenses:Health:Life:GroupTermLife                24.32 USD
  Expenses:Health:Dental:Insurance                   2.90 USD
  Expenses:Health:Medical:Insurance                 27.38 USD
  Expenses:Health:Vision:Insurance                  42.30 USD
  Expenses:Taxes:Y2024:US:Medicare                 106.62 USD
  Expenses:Taxes:Y2024:US:Federal                 1062.92 USD
  Expenses:Taxes:Y2024:US:State                    365.08 USD
  Expenses:Taxes:Y2024:US:CityNYC                  174.92 USD
  Expenses:Taxes:Y2024:US:SDI                        1.12 USD
  Expenses:Taxes:Y2024:US:SocSec                   281.54 USD
  Assets:US:Hooli:Vacation                              5 VACHR
  Income:US:Hooli:Vacation                             -5 VACHR

2024-11-21 * "Hooli" "Payroll"
  Assets:US:BofA:Checking                         2550.60 USD
  Income:US:Hooli:Salary                         -4615.38 USD
  Income:US:Hooli:GroupTermLife                    -24.32 USD
  Expenses:Health:Life:GroupTermLife                24.32 USD
  Expenses:Health:Dental:Insurance                   2.90 USD
  Expenses:Health:Medical:Insurance                 27.38 USD
  Expenses:Health:Vision:Insurance                  42.30 USD
  Expenses:Taxes:Y2024:US:Medicare                 106.62 USD
  Expenses:Taxes:Y2024:US:Federal                 1062.92 USD
  Expenses:Taxes:Y2024:US:State                    365.08 USD
  Expenses:Taxes:Y2024:US:CityNYC                  174.92 USD
  Expenses:Taxes:Y2024:US:SDI                        1.12 USD
  Expenses:Taxes:Y2024:US:SocSec                   281.54 USD
  Assets:US:Hooli:Vacation                              5 VACHR
  Income:US:Hooli:Vacation                             -5 VACHR

2024-12-05 * "Hooli" "Payroll"
  Assets:US:BofA:Checking                         2589.06 USD
  Income:US:Hooli:Salary                         -4615.38 USD
  Income:US:Hooli:GroupTermLife                    -24.32 USD
  Expenses:Health:Life:GroupTermLife                24.32 USD
  Expenses:Health:Dental:Insurance                   2.90 USD
  Expenses:Health:Medical:Insurance                 27.38 USD
  Expenses:Health:Vision:Insurance                  42.30 USD
  Expenses:Taxes:Y2024:US:Medicare                 106.62 USD
  Expenses:Taxes:Y2024:US:Federal                 1062.92 USD
  Expenses:Taxes:Y2024:US:State                    365.08 USD
  Expenses:Taxes:Y2024:US:CityNYC                  174.92 USD
  Expenses:Taxes:Y2024:US:SDI                        1.12 USD
  Expenses:Taxes:Y2024:US:SocSec                   243.08 USD
  Assets:US:Hooli:Vacation                              5 VACHR
  Income:US:Hooli:Vacation                             -5 VACHR

2024-12-19 * "Hooli" "Payroll"
  Assets:US:BofA:Checking                         2832.14 USD
  Income:US:Hooli:Salary                         -4615.38 USD
  Income:US:Hooli:GroupTermLife                    -24.32 USD
  Expenses:Health:Life:GroupTermLife                24.32 USD
  Expenses:Health:Dental:Insurance                   2.90 USD
  Expenses:Health:Medical:Insurance                 27.38 USD
  Expenses:Health:Vision:Insurance                  42.30 USD
  Expenses:Taxes:Y2024:US:Medicare                 106.62 USD
  Expenses:Taxes:Y2024:US:Federal                 1062.92 USD
  Expenses:Taxes:Y2024:US:State                    365.08 USD
  Expenses:Taxes:Y2024:US:CityNYC                  174.92 USD
  Expenses:Taxes:Y2024:US:SDI                        1.12 USD
  Expenses:Taxes:Y2024:US:SocSec                     0.00 USD
  Assets:US:Hooli:Vacation                              5 VACHR
  Income:US:Hooli:Vacation                             -5 VACHR

2025-01-02 * "Hooli" "Payroll"
  Assets:US:BofA:Checking                         1350.60 USD
  Assets:US:Vanguard:Cash                         1200.00 USD
  Income:US:Hooli:Salary                         -4615.38 USD
  Income:US:Hooli:GroupTermLife                    -24.32 USD
  Expenses:Health:Life:GroupTermLife                24.32 USD
  Expenses:Health:Dental:Insurance                   2.90 USD
  Expenses:Health:Medical:Insurance                 27.38 USD
  Expenses:Health:Vision:Insurance                  42.30 USD
  Expenses:Taxes:Y2025:US:Medicare                 106.62 USD
  Expenses:Taxes:Y2025:US:Federal                 1062.92 USD
  Expenses:Taxes:Y2025:US:State                    365.08 USD
  Expenses:Taxes:Y2025:US:CityNYC                  174.92 USD
  Expenses:Taxes:Y2025:US:SDI                        1.12 USD
  Expenses:Taxes:Y2025:US:SocSec                   281.54 USD
  Assets:US:Federal:PreTax401k                   -1200.00 IRAUSD
  Expenses:Taxes:Y2025:US:Federal:PreTax401k      1200.00 IRAUSD
  Assets:US:Hooli:Vacation                              5 VACHR
  Income:US:Hooli:Vacation                             -5 VACHR

2025-01-16 * "Hooli" "Payroll"
  Assets:US:BofA:Checking                         1350.60 USD
  Assets:US:Vanguard:Cash                         1200.00 USD
  Income:US:Hooli:Salary                         -4615.38 USD
  Income:US:Hooli:GroupTermLife                    -24.32 USD
  Expenses:Health:Life:GroupTermLife                24.32 USD
  Expenses:Health:Dental:Insurance                   2.90 USD
  Expenses:Health:Medical:Insurance                 27.38 USD
  Expenses:Health:Vision:Insurance                  42.30 USD
  Expenses:Taxes:Y2025:US:Medicare                 106.62 USD
  Expenses:Taxes:Y2025:US:Federal                 1062.92 USD
  Expenses:Taxes:Y2025:US:State                    365.08 USD
  Expenses:Taxes:Y2025:US:CityNYC                  174.92 USD
  Expenses:Taxes:Y2025:US:SDI                        1.12 USD
  Expenses:Taxes:Y2025:US:SocSec                   281.54 USD
  Assets:US:Federal:PreTax401k                   -1200.00 IRAUSD
  Expenses:Taxes:Y2025:US:Federal:PreTax401k      1200.00 IRAUSD
  Assets:US:Hooli:Vacation                              5 VACHR
  Income:US:Hooli:Vacation                             -5 VACHR

2025-01-30 * "Hooli" "Payroll"
  Assets:US:BofA:Checking                         1350.60 USD
  Assets:US:Vanguard:Cash                         1200.00 USD
  Income:US:Hooli:Salary                         -4615.38 USD
  Income:US:Hooli:GroupTermLife                    -24.32 USD
  Expenses:Health:Life:GroupTermLife                24.32 USD
  Expenses:Health:Dental:Insurance                   2.90 USD
  Expenses:Health:Medical:Insurance                 27.38 USD
  Expenses:Health:Vision:Insurance                  42.30 USD
  Expenses:Taxes:Y2025:US:Medicare                 106.62 USD
  Expenses:Taxes:Y2025:US:Federal                 1062.92 USD
  Expenses:Taxes:Y2025:US:State                    365.08 USD
  Expenses:Taxes:Y2025:US:CityNYC                  174.92 USD
  Expenses:Taxes:Y2025:US:SDI                        1.12 USD
  Expenses:Taxes:Y2025:US:SocSec                   281.54 USD
  Assets:US:Federal:PreTax401k                   -1200.00 IRAUSD
  Expenses:Taxes:Y2025:US:Federal:PreTax401k      1200.00 IRAUSD
  Assets:US:Hooli:Vacation                              5 VACHR
  Income:US:Hooli:Vacation                             -5 VACHR

2025-02-13 * "Hooli" "Payroll"
  Assets:US:BofA:Checking                         1350.60 USD
  Assets:US:Vanguard:Cash                         1200.00 USD
  Income:US:Hooli:Salary                         -4615.38 USD
  Income:US:Hooli:GroupTermLife                    -24.32 USD
  Expenses:Health:Life:GroupTermLife                24.32 USD
  Expenses:Health:Dental:Insurance                   2.90 USD
  Expenses:Health:Medical:Insurance                 27.38 USD
  Expenses:Health:Vision:Insurance                  42.30 USD
  Expenses:Taxes:Y2025:US:Medicare                 106.62 USD
  Expenses:Taxes:Y2025:US:Federal                 1062.92 USD
  Expenses:Taxes:Y2025:US:State                    365.08 USD
  Expenses:Taxes:Y2025:US:CityNYC                  174.92 USD
  Expenses:Taxes:Y2025:US:SDI                        1.12 USD
  Expenses:Taxes:Y2025:US:SocSec                   281.54 USD
  Assets:US:Federal:PreTax401k                   -1200.00 IRAUSD
  Expenses:Taxes:Y2025:US:Federal:PreTax401k      1200.00 IRAUSD
  Assets:US:Hooli:Vacation                              5 VACHR
  Income:US:Hooli:Vacation                             -5 VACHR

2025-02-27 * "Hooli" "Payroll"
  Assets:US:BofA:Checking                         1350.60 USD
  Assets:US:Vanguard:Cash                         1200.00 USD
  Income:US:Hooli:Salary                         -4615.38 USD
  Income:US:Hooli:GroupTermLife                    -24.32 USD
  Expenses:Health:Life:GroupTermLife                24.32 USD
  Expenses:Health:Dental:Insurance                   2.90 USD
  Expenses:Health:Medical:Insurance                 27.38 USD
  Expenses:Health:Vision:Insurance                  42.30 USD
  Expenses:Taxes:Y2025:US:Medicare                 106.62 USD
  Expenses:Taxes:Y2025:US:Federal                 1062.92 USD
  Expenses:Taxes:Y2025:US:State                    365.08 USD
  Expenses:Taxes:Y2025:US:CityNYC                  174.92 USD
  Expenses:Taxes:Y2025:US:SDI                        1.12 USD
  Expenses:Taxes:Y2025:US:SocSec                   281.54 USD
  Assets:US:Federal:PreTax401k                   -1200.00 IRAUSD
  Expenses:Taxes:Y2025:US:Federal:PreTax401k      1200.00 IRAUSD
  Assets:US:Hooli:Vacation                              5 VACHR
  Income:US:Hooli:Vacation                             -5 VACHR

2025-03-13 * "Hooli" "Payroll"
  Assets:US:BofA:Checking                         1350.60 USD
  Assets:US:Vanguard:Cash                         1200.00 USD
  Income:US:Hooli:Salary                         -4615.38 USD
  Income:US:Hooli:GroupTermLife                    -24.32 USD
  Expenses:Health:Life:GroupTermLife                24.32 USD
  Expenses:Health:Dental:Insurance                   2.90 USD
  Expenses:Health:Medical:Insurance                 27.38 USD
  Expenses:Health:Vision:Insurance                  42.30 USD
  Expenses:Taxes:Y2025:US:Medicare                 106.62 USD
  Expenses:Taxes:Y2025:US:Federal                 1062.92 USD
  Expenses:Taxes:Y2025:US:State                    365.08 USD
  Expenses:Taxes:Y2025:US:CityNYC                  174.92 USD
  Expenses:Taxes:Y2025:US:SDI                        1.12 USD
  Expenses:Taxes:Y2025:US:SocSec                   281.54 USD
  Assets:US:Federal:PreTax401k                   -1200.00 IRAUSD
  Expenses:Taxes:Y2025:US:Federal:PreTax401k      1200.00 IRAUSD
  Assets:US:Hooli:Vacation                              5 VACHR
  Income:US:Hooli:Vacation                             -5 VACHR

2025-03-27 * "Hooli" "Payroll"
  Assets:US:BofA:Checking                         1350.60 USD
  Assets:US:Vanguard:Cash                         1200.00 USD
  Income:US:Hooli:Salary                         -4615.38 USD
  Income:US:Hooli:GroupTermLife                    -24.32 USD
  Expenses:Health:Life:GroupTermLife                24.32 USD
  Expenses:Health:Dental:Insurance                   2.90 USD
  Expenses:Health:Medical:Insurance                 27.38 USD
  Expenses:Health:Vision:Insurance                  42.30 USD
  Expenses:Taxes:Y2025:US:Medicare                 106.62 USD
  Expenses:Taxes:Y2025:US:Federal                 1062.92 USD
  Expenses:Taxes:Y2025:US:State                    365.08 USD
  Expenses:Taxes:Y2025:US:CityNYC                  174.92 USD
  Expenses:Taxes:Y2025:US:SDI                        1.12 USD
  Expenses:Taxes:Y2025:US:SocSec                   281.54 USD
  Assets:US:Federal:PreTax401k                   -1200.00 IRAUSD
  Expenses:Taxes:Y2025:US:Federal:PreTax401k      1200.00 IRAUSD
  Assets:US:Hooli:Vacation                              5 VACHR
  Income:US:Hooli:Vacation                             -5 VACHR

2025-04-10 * "Hooli" "Payroll"
  Assets:US:BofA:Checking                         1350.60 USD
  Assets:US:Vanguard:Cash                         1200.00 USD
  Income:US:Hooli:Salary                         -4615.38 USD
  Income:US:Hooli:GroupTermLife                    -24.32 USD
  Expenses:Health:Life:GroupTermLife                24.32 USD
  Expenses:Health:Dental:Insurance                   2.90 USD
  Expenses:Health:Medical:Insurance                 27.38 USD
  Expenses:Health:Vision:Insurance                  42.30 USD
  Expenses:Taxes:Y2025:US:Medicare                 106.62 USD
  Expenses:Taxes:Y2025:US:Federal                 1062.92 USD
  Expenses:Taxes:Y2025:US:State                    365.08 USD
  Expenses:Taxes:Y2025:US:CityNYC                  174.92 USD
  Expenses:Taxes:Y2025:US:SDI                        1.12 USD
  Expenses:Taxes:Y2025:US:SocSec                   281.54 USD
  Assets:US:Federal:PreTax401k                   -1200.00 IRAUSD
  Expenses:Taxes:Y2025:US:Federal:PreTax401k      1200.00 IRAUSD
  Assets:US:Hooli:Vacation                              5 VACHR
  Income:US:Hooli:Vacation                             -5 VACHR

2025-04-24 * "Hooli" "Payroll"
  Assets:US:BofA:Checking                         1350.60 USD
  Assets:US:Vanguard:Cash                         1200.00 USD
  Income:US:Hooli:Salary                         -4615.38 USD
  Income:US:Hooli:GroupTermLife                    -24.32 USD
  Expenses:Health:Life:GroupTermLife                24.32 USD
  Expenses:Health:Dental:Insurance                   2.90 USD
  Expenses:Health:Medical:Insurance                 27.38 USD
  Expenses:Health:Vision:Insurance                  42.30 USD
  Expenses:Taxes:Y2025:US:Medicare                 106.62 USD
  Expenses:Taxes:Y2025:US:Federal                 1062.92 USD
  Expenses:Taxes:Y2025:US:State                    365.08 USD
  Expenses:Taxes:Y2025:US:CityNYC                  174.92 USD
  Expenses:Taxes:Y2025:US:SDI                        1.12 USD
  Expenses:Taxes:Y2025:US:SocSec                   281.54 USD
  Assets:US:Federal:PreTax401k                   -1200.00 IRAUSD
  Expenses:Taxes:Y2025:US:Federal:PreTax401k      1200.00 IRAUSD
  Assets:US:Hooli:Vacation                              5 VACHR
  Income:US:Hooli:Vacation                             -5 VACHR

2025-05-08 * "Hooli" "Payroll"
  Assets:US:BofA:Checking                         1350.60 USD
  Assets:US:Vanguard:Cash                         1200.00 USD
  Income:US:Hooli:Salary                         -4615.38 USD
  Income:US:Hooli:GroupTermLife                    -24.32 USD
  Expenses:Health:Life:GroupTermLife                24.32 USD
  Expenses:Health:Dental:Insurance                   2.90 USD
  Expenses:Health:Medical:Insurance                 27.38 USD
  Expenses:Health:Vision:Insurance                  42.30 USD
  Expenses:Taxes:Y2025:US:Medicare                 106.62 USD
  Expenses:Taxes:Y2025:US:Federal                 1062.92 USD
  Expenses:Taxes:Y2025:US:State                    365.08 USD
  Expenses:Taxes:Y2025:US:CityNYC                  174.92 USD
  Expenses:Taxes:Y2025:US:SDI                        1.12 USD
  Expenses:Taxes:Y2025:US:SocSec                   281.54 USD
  Assets:US:Federal:PreTax401k                   -1200.00 IRAUSD
  Expenses:Taxes:Y2025:US:Federal:PreTax401k      1200.00 IRAUSD
  Assets:US:Hooli:Vacation                              5 VACHR
  Income:US:Hooli:Vacation                             -5 VACHR

2025-05-22 * "Hooli" "Payroll"
  Assets:US:BofA:Checking                         1350.60 USD
  Assets:US:Vanguard:Cash                         1200.00 USD
  Income:US:Hooli:Salary                         -4615.38 USD
  Income:US:Hooli:GroupTermLife                    -24.32 USD
  Expenses:Health:Life:GroupTermLife                24.32 USD
  Expenses:Health:Dental:Insurance                   2.90 USD
  Expenses:Health:Medical:Insurance                 27.38 USD
  Expenses:Health:Vision:Insurance                  42.30 USD
  Expenses:Taxes:Y2025:US:Medicare                 106.62 USD
  Expenses:Taxes:Y2025:US:Federal                 1062.92 USD
  Expenses:Taxes:Y2025:US:State                    365.08 USD
  Expenses:Taxes:Y2025:US:CityNYC                  174.92 USD
  Expenses:Taxes:Y2025:US:SDI                        1.12 USD
  Expenses:Taxes:Y2025:US:SocSec                   281.54 USD
  Assets:US:Federal:PreTax401k                   -1200.00 IRAUSD
  Expenses:Taxes:Y2025:US:Federal:PreTax401k      1200.00 IRAUSD
  Assets:US:Hooli:Vacation                              5 VACHR
  Income:US:Hooli:Vacation                             -5 VACHR

2025-06-05 * "Hooli" "Payroll"
  Assets:US:BofA:Checking                         1350.60 USD
  Assets:US:Vanguard:Cash                         1200.00 USD
  Income:US:Hooli:Salary                         -4615.38 USD
  Income:US:Hooli:GroupTermLife                    -24.32 USD
  Expenses:Health:Life:GroupTermLife                24.32 USD
  Expenses:Health:Dental:Insurance                   2.90 USD
  Expenses:Health:Medical:Insurance                 27.38 USD
  Expenses:Health:Vision:Insurance                  42.30 USD
  Expenses:Taxes:Y2025:US:Medicare                 106.62 USD
  Expenses:Taxes:Y2025:US:Federal                 1062.92 USD
  Expenses:Taxes:Y2025:US:State                    365.08 USD
  Expenses:Taxes:Y2025:US:CityNYC                  174.92 USD
  Expenses:Taxes:Y2025:US:SDI                        1.12 USD
  Expenses:Taxes:Y2025:US:SocSec                   281.54 USD
  Assets:US:Federal:PreTax401k                   -1200.00 IRAUSD
  Expenses:Taxes:Y2025:US:Federal:PreTax401k      1200.00 IRAUSD
  Assets:US:Hooli:Vacation                              5 VACHR
  Income:US:Hooli:Vacation                             -5 VACHR

2025-06-19 * "Hooli" "Payroll"
  Assets:US:BofA:Checking                         1350.60 USD
  Assets:US:Vanguard:Cash                         1200.00 USD
  Income:US:Hooli:Salary                         -4615.38 USD
  Income:US:Hooli:GroupTermLife                    -24.32 USD
  Expenses:Health:Life:GroupTermLife                24.32 USD
  Expenses:Health:Dental:Insurance                   2.90 USD
  Expenses:Health:Medical:Insurance                 27.38 USD
  Expenses:Health:Vision:Insurance                  42.30 USD
  Expenses:Taxes:Y2025:US:Medicare                 106.62 USD
  Expenses:Taxes:Y2025:US:Federal                 1062.92 USD
  Expenses:Taxes:Y2025:US:State                    365.08 USD
  Expenses:Taxes:Y2025:US:CityNYC                  174.92 USD
  Expenses:Taxes:Y2025:US:SDI                        1.12 USD
  Expenses:Taxes:Y2025:US:SocSec                   281.54 USD
  Assets:US:Federal:PreTax401k                   -1200.00 IRAUSD
  Expenses:Taxes:Y2025:US:Federal:PreTax401k      1200.00 IRAUSD
  Assets:US:Hooli:Vacation                              5 VACHR
  Income:US:Hooli:Vacation                             -5 VACHR

2025-07-03 * "Hooli" "Payroll"
  Assets:US:BofA:Checking                         1350.60 USD
  Assets:US:Vanguard:Cash                         1200.00 USD
  Income:US:Hooli:Salary                         -4615.38 USD
  Income:US:Hooli:GroupTermLife                    -24.32 USD
  Expenses:Health:Life:GroupTermLife                24.32 USD
  Expenses:Health:Dental:Insurance                   2.90 USD
  Expenses:Health:Medical:Insurance                 27.38 USD
  Expenses:Health:Vision:Insurance                  42.30 USD
  Expenses:Taxes:Y2025:US:Medicare                 106.62 USD
  Expenses:Taxes:Y2025:US:Federal                 1062.92 USD
  Expenses:Taxes:Y2025:US:State                    365.08 USD
  Expenses:Taxes:Y2025:US:CityNYC                  174.92 USD
  Expenses:Taxes:Y2025:US:SDI                        1.12 USD
  Expenses:Taxes:Y2025:US:SocSec                   281.54 USD
  Assets:US:Federal:PreTax401k                   -1200.00 IRAUSD
  Expenses:Taxes:Y2025:US:Federal:PreTax401k      1200.00 IRAUSD
  Assets:US:Hooli:Vacation                              5 VACHR
  Income:US:Hooli:Vacation                             -5 VACHR

2025-07-17 * "Hooli" "Payroll"
  Assets:US:BofA:Checking                         1350.60 USD
  Assets:US:Vanguard:Cash                         1200.00 USD
  Income:US:Hooli:Salary                         -4615.38 USD
  Income:US:Hooli:GroupTermLife                    -24.32 USD
  Expenses:Health:Life:GroupTermLife                24.32 USD
  Expenses:Health:Dental:Insurance                   2.90 USD
  Expenses:Health:Medical:Insurance                 27.38 USD
  Expenses:Health:Vision:Insurance                  42.30 USD
  Expenses:Taxes:Y2025:US:Medicare                 106.62 USD
  Expenses:Taxes:Y2025:US:Federal                 1062.92 USD
  Expenses:Taxes:Y2025:US:State                    365.08 USD
  Expenses:Taxes:Y2025:US:CityNYC                  174.92 USD
  Expenses:Taxes:Y2025:US:SDI                        1.12 USD
  Expenses:Taxes:Y2025:US:SocSec                   281.54 USD
  Assets:US:Federal:PreTax401k                   -1200.00 IRAUSD
  Expenses:Taxes:Y2025:US:Federal:PreTax401k      1200.00 IRAUSD
  Assets:US:Hooli:Vacation                              5 VACHR
  Income:US:Hooli:Vacation                             -5 VACHR

2025-07-31 * "Hooli" "Payroll"
  Assets:US:BofA:Checking                         2050.60 USD
  Assets:US:Vanguard:Cash                          500.00 USD
  Income:US:Hooli:Salary                         -4615.38 USD
  Income:US:Hooli:GroupTermLife                    -24.32 USD
  Expenses:Health:Life:GroupTermLife                24.32 USD
  Expenses:Health:Dental:Insurance                   2.90 USD
  Expenses:Health:Medical:Insurance                 27.38 USD
  Expenses:Health:Vision:Insurance                  42.30 USD
  Expenses:Taxes:Y2025:US:Medicare                 106.62 USD
  Expenses:Taxes:Y2025:US:Federal                 1062.92 USD
  Expenses:Taxes:Y2025:US:State                    365.08 USD
  Expenses:Taxes:Y2025:US:CityNYC                  174.92 USD
  Expenses:Taxes:Y2025:US:SDI                        1.12 USD
  Expenses:Taxes:Y2025:US:SocSec                   281.54 USD
  Assets:US:Federal:PreTax401k                    -500.00 IRAUSD
  Expenses:Taxes:Y2025:US:Federal:PreTax401k       500.00 IRAUSD
  Assets:US:Hooli:Vacation                              5 VACHR
  Income:US:Hooli:Vacation                             -5 VACHR

2025-08-14 * "Hooli" "Payroll"
  Assets:US:BofA:Checking                         2550.60 USD
  Income:US:Hooli:Salary                         -4615.38 USD
  Income:US:Hooli:GroupTermLife                    -24.32 USD
  Expenses:Health:Life:GroupTermLife                24.32 USD
  Expenses:Health:Dental:Insurance                   2.90 USD
  Expenses:Health:Medical:Insurance                 27.38 USD
  Expenses:Health:Vision:Insurance                  42.30 USD
  Expenses:Taxes:Y2025:US:Medicare                 106.62 USD
  Expenses:Taxes:Y2025:US:Federal                 1062.92 USD
  Expenses:Taxes:Y2025:US:State                    365.08 USD
  Expenses:Taxes:Y2025:US:CityNYC                  174.92 USD
  Expenses:Taxes:Y2025:US:SDI                        1.12 USD
  Expenses:Taxes:Y2025:US:SocSec                   281.54 USD
  Assets:US:Hooli:Vacation                              5 VACHR
  Income:US:Hooli:Vacation                             -5 VACHR

2025-08-28 * "Hooli" "Payroll"
  Assets:US:BofA:Checking                         2550.60 USD
  Income:US:Hooli:Salary                         -4615.38 USD
  Income:US:Hooli:GroupTermLife                    -24.32 USD
  Expenses:Health:Life:GroupTermLife                24.32 USD
  Expenses:Health:Dental:Insurance                   2.90 USD
  Expenses:Health:Medical:Insurance                 27.38 USD
  Expenses:Health:Vision:Insurance                  42.30 USD
  Expenses:Taxes:Y2025:US:Medicare                 106.62 USD
  Expenses:Taxes:Y2025:US:Federal                 1062.92 USD
  Expenses:Taxes:Y2025:US:State                    365.08 USD
  Expenses:Taxes:Y2025:US:CityNYC                  174.92 USD
  Expenses:Taxes:Y2025:US:SDI                        1.12 USD
  Expenses:Taxes:Y2025:US:SocSec                   281.54 USD
  Assets:US:Hooli:Vacation                              5 VACHR
  Income:US:Hooli:Vacation                             -5 VACHR

2025-09-11 * "Hooli" "Payroll"
  Assets:US:BofA:Checking                         2550.60 USD
  Income:US:Hooli:Salary                         -4615.38 USD
  Income:US:Hooli:GroupTermLife                    -24.32 USD
  Expenses:Health:Life:GroupTermLife                24.32 USD
  Expenses:Health:Dental:Insurance                   2.90 USD
  Expenses:Health:Medical:Insurance                 27.38 USD
  Expenses:Health:Vision:Insurance                  42.30 USD
  Expenses:Taxes:Y2025:US:Medicare                 106.62 USD
  Expenses:Taxes:Y2025:US:Federal                 1062.92 USD
  Expenses:Taxes:Y2025:US:State                    365.08 USD
  Expenses:Taxes:Y2025:US:CityNYC                  174.92 USD
  Expenses:Taxes:Y2025:US:SDI                        1.12 USD
  Expenses:Taxes:Y2025:US:SocSec                   281.54 USD
  Assets:US:Hooli:Vacation                              5 VACHR
  Income:US:Hooli:Vacation                             -5 VACHR

2025-09-25 * "Hooli" "Payroll"
  Assets:US:BofA:Checking                         2550.60 USD
  Income:US:Hooli:Salary                         -4615.38 USD
  Income:US:Hooli:GroupTermLife                    -24.32 USD
  Expenses:Health:Life:GroupTermLife                24.32 USD
  Expenses:Health:Dental:Insurance                   2.90 USD
  Expenses:Health:Medical:Insurance                 27.38 USD
  Expenses:Health:Vision:Insurance                  42.30 USD
  Expenses:Taxes:Y2025:US:Medicare                 106.62 USD
  Expenses:Taxes:Y2025:US:Federal                 1062.92 USD
  Expenses:Taxes:Y2025:US:State                    365.08 USD
  Expenses:Taxes:Y2025:US:CityNYC                  174.92 USD
  Expenses:Taxes:Y2025:US:SDI                        1.12 USD
  Expenses:Taxes:Y2025:US:SocSec                   281.54 USD
  Assets:US:Hooli:Vacation                              5 VACHR
  Income:US:Hooli:Vacation                             -5 VACHR

2025-10-09 * "Hooli" "Payroll"
  Assets:US:BofA:Checking                         2550.60 USD
  Income:US:Hooli:Salary                         -4615.38 USD
  Income:US:Hooli:GroupTermLife                    -24.32 USD
  Expenses:Health:Life:GroupTermLife                24.32 USD
  Expenses:Health:Dental:Insurance                   2.90 USD
  Expenses:Health:Medical:Insurance                 27.38 USD
  Expenses:Health:Vision:Insurance                  42.30 USD
  Expenses:Taxes:Y2025:US:Medicare                 106.62 USD
  Expenses:Taxes:Y2025:US:Federal                 1062.92 USD
  Expenses:Taxes:Y2025:US:State                    365.08 USD
  Expenses:Taxes:Y2025:US:CityNYC                  174.92 USD
  Expenses:Taxes:Y2025:US:SDI                        1.12 USD
  Expenses:Taxes:Y2025:US:SocSec                   281.54 USD
  Assets:US:Hooli:Vacation                              5 VACHR
  Income:US:Hooli:Vacation                             -5 VACHR

2025-10-23 * "Hooli" "Payroll"
  Assets:US:BofA:Checking                         2550.60 USD
  Income:US:Hooli:Salary                         -4615.38 USD
  Income:US:Hooli:GroupTermLife                    -24.32 USD
  Expenses:Health:Life:GroupTermLife                24.32 USD
  Expenses:Health:Dental:Insurance                   2.90 USD
  Expenses:Health:Medical:Insurance                 27.38 USD
  Expenses:Health:Vision:Insurance                  42.30 USD
  Expenses:Taxes:Y2025:US:Medicare                 106.62 USD
  Expenses:Taxes:Y2025:US:Federal                 1062.92 USD
  Expenses:Taxes:Y2025:US:State                    365.08 USD
  Expenses:Taxes:Y2025:US:CityNYC                  174.92 USD
  Expenses:Taxes:Y2025:US:SDI                        1.12 USD
  Expenses:Taxes:Y2025:US:SocSec                   281.54 USD
  Assets:US:Hooli:Vacation                              5 VACHR
  Income:US:Hooli:Vacation                             -5 VACHR

2025-11-06 * "Hooli" "Payroll"
  Assets:US:BofA:Checking                         2550.60 USD
  Income:US:Hooli:Salary                         -4615.38 USD
  Income:US:Hooli:GroupTermLife                    -24.32 USD
  Expenses:Health:Life:GroupTermLife                24.32 USD
  Expenses:Health:Dental:Insurance                   2.90 USD
  Expenses:Health:Medical:Insurance                 27.38 USD
  Expenses:Health:Vision:Insurance                  42.30 USD
  Expenses:Taxes:Y2025:US:Medicare                 106.62 USD
  Expenses:Taxes:Y2025:US:Federal                 1062.92 USD
  Expenses:Taxes:Y2025:US:State                    365.08 USD
  Expenses:Taxes:Y2025:US:CityNYC                  174.92 USD
  Expenses:Taxes:Y2025:US:SDI                        1.12 USD
  Expenses:Taxes:Y2025:US:SocSec                   281.54 USD
  Assets:US:Hooli:Vacation                              5 VACHR
  Income:US:Hooli:Vacation                             -5 VACHR



* Taxes

1980-05-12 open Income:US:Federal:PreTax401k                    IRAUSD
1980-05-12 open Assets:US:Federal:PreTax401k                    IRAUSD



** Tax Year 2023

2023-01-01 open Expenses:Taxes:Y2023:US:Federal:PreTax401k      IRAUSD
2023-01-01 open Expenses:Taxes:Y2023:US:Medicare                USD
2023-01-01 open Expenses:Taxes:Y2023:US:Federal                 USD
2023-01-01 open Expenses:Taxes:Y2023:US:CityNYC                 USD
2023-01-01 open Expenses:Taxes:Y2023:US:SDI                     USD
2023-01-01 open Expenses:Taxes:Y2023:US:State                   USD
2023-01-01 open Expenses:Taxes:Y2023:US:SocSec                  USD

2023-01-01 balance Assets:US:Federal:PreTax401k         0 IRAUSD

2023-01-01 * "Allowed contributions for one year"
  Income:US:Federal:PreTax401k                     -18500 IRAUSD
  Assets:US:Federal:PreTax401k                      18500 IRAUSD

2024-03-21 * "Filing taxes for 2023"
  Expenses:Taxes:Y2023:US:Federal                  603.66 USD
  Expenses:Taxes:Y2023:US:State                    307.68 USD
  Liabilities:AccountsPayable                     -911.34 USD

2024-03-22 * "FEDERAL TAXPYMT"
  Assets:US:BofA:Checking                         -603.66 USD
  Liabilities:AccountsPayable                      603.66 USD

2024-03-24 * "STATE TAX & FINANC PYMT"
  Assets:US:BofA:Checking                         -307.68 USD
  Liabilities:AccountsPayable                      307.68 USD



** Tax Year 2024

2024-01-01 open Expenses:Taxes:Y2024:US:Federal:PreTax401k      IRAUSD
2024-01-01 open Expenses:Taxes:Y2024:US:Medicare                USD
2024-01-01 open Expenses:Taxes:Y2024:US:Federal                 USD
2024-01-01 open Expenses:Taxes:Y2024:US:CityNYC                 USD
2024-01-01 open Expenses:Taxes:Y2024:US:SDI                     USD
2024-01-01 open Expenses:Taxes:Y2024:US:State                   USD
2024-01-01 open Expenses:Taxes:Y2024:US:SocSec                  USD

2024-01-01 balance Assets:US:Federal:PreTax401k         0 IRAUSD

2024-01-01 * "Allowed contributions for one year"
  Income:US:Federal:PreTax401k                     -18500 IRAUSD
  Assets:US:Federal:PreTax401k                      18500 IRAUSD

2025-03-21 * "Filing taxes for 2024"
  Expenses:Taxes:Y2024:US:Federal                  361.88 USD
  Expenses:Taxes:Y2024:US:State                    453.28 USD
  Liabilities:AccountsPayable                     -815.16 USD

2025-03-21 * "STATE TAX & FINANC PYMT"
  Assets:US:BofA:Checking                         -453.28 USD
  Liabilities:AccountsPayable                      453.28 USD

2025-03-24 * "FEDERAL TAXPYMT"
  Assets:US:BofA:Checking                         -361.88 USD
  Liabilities:AccountsPayable                      361.88 USD



** Tax Year 2025

2025-01-01 open Expenses:Taxes:Y2025:US:Federal:PreTax401k      IRAUSD
2025-01-01 open Expenses:Taxes:Y2025:US:Medicare                USD
2025-01-01 open Expenses:Taxes:Y2025:US:Federal                 USD
2025-01-01 open Expenses:Taxes:Y2025:US:CityNYC                 USD
2025-01-01 open Expenses:Taxes:Y2025:US:SDI                     USD
2025-01-01 open Expenses:Taxes:Y2025:US:State                   USD
2025-01-01 open Expenses:Taxes:Y2025:US:SocSec                  USD

2025-01-01 balance Assets:US:Federal:PreTax401k         0 IRAUSD

2025-01-01 * "Allowed contributions for one year"
  Income:US:Federal:PreTax401k                     -18500 IRAUSD
  Assets:US:Federal:PreTax401k                      18500 IRAUSD



* Expenses

1980-05-12 open Expenses:Food:Groceries
1980-05-12 open Expenses:Food:Restaurant
1980-05-12 open Expenses:Food:Coffee
1980-05-12 open Expenses:Food:Alcohol
1980-05-12 open Expenses:Transport:Tram
1980-05-12 open Expenses:Home:Rent
1980-05-12 open Expenses:Home:Electricity
1980-05-12 open Expenses:Home:Internet
1980-05-12 open Expenses:Home:Phone
1980-05-12 open Expenses:Financial:Fees
1980-05-12 open Expenses:Financial:Commissions



* Prices

2023-01-06 price VBMPX                             189.02 USD
2023-01-06 price RGAGX                              40.56 USD
2023-01-06 price ITOT                              113.17 USD
2023-01-06 price VEA                               127.77 USD
2023-01-06 price VHT                               101.29 USD
2023-01-06 price GLD                                82.63 USD
2023-01-13 price VBMPX                             182.56 USD
2023-01-13 price RGAGX                              41.00 USD
2023-01-13 price ITOT                              112.05 USD
2023-01-13 price VEA                               127.30 USD
2023-01-13 price VHT                               102.18 USD
2023-01-13 price GLD                                82.89 USD
2023-01-20 price VBMPX                             179.68 USD
2023-01-20 price RGAGX                              40.48 USD
2023-01-20 price ITOT                              112.77 USD
2023-01-20 price VEA                               127.12 USD
2023-01-20 price VHT                               102.79 USD
2023-01-20 price GLD                                85.03 USD
2023-01-27 price VBMPX                             182.21 USD
2023-01-27 price RGAGX                              40.38 USD
2023-01-27 price ITOT                              114.58 USD
2023-01-27 price VEA                               126.09 USD
2023-01-27 price VHT                               102.68 USD
2023-01-27 price GLD                                85.35 USD
2023-02-03 price VBMPX                             186.24 USD
2023-02-03 price RGAGX                              41.01 USD
2023-02-03 price ITOT                              115.25 USD
2023-02-03 price VEA                               123.85 USD
2023-02-03 price VHT                               103.50 USD
2023-02-03 price GLD                                85.66 USD
2023-02-10 price VBMPX                             177.91 USD
2023-02-10 price RGAGX                              40.35 USD
2023-02-10 price ITOT                              115.72 USD
2023-02-10 price VEA                               124.04 USD
2023-02-10 price VHT                               103.04 USD
2023-02-10 price GLD                                84.32 USD
2023-02-17 price VBMPX                             177.91 USD
2023-02-17 price RGAGX                              39.80 USD
2023-02-17 price ITOT                              113.85 USD
2023-02-17 price VEA                               125.29 USD
2023-02-17 price VHT                               101.95 USD
2023-02-17 price GLD                                83.20 USD
2023-02-24 price VBMPX                             181.45 USD
2023-02-24 price RGAGX                              41.71 USD
2023-02-24 price ITOT                              113.26 USD
2023-02-24 price VEA                               125.78 USD
2023-02-24 price VHT                               100.72 USD
2023-02-24 price GLD                                84.20 USD
2023-03-03 price VBMPX                             175.28 USD
2023-03-03 price RGAGX                              41.89 USD
2023-03-03 price ITOT                              113.25 USD
2023-03-03 price VEA                               126.36 USD
2023-03-03 price VHT                                99.55 USD
2023-03-03 price GLD                                84.47 USD
2023-03-10 price VBMPX                             173.39 USD
2023-03-10 price RGAGX                              40.57 USD
2023-03-10 price ITOT                              115.41 USD
2023-03-10 price VEA                               128.40 USD
2023-03-10 price VHT                                99.87 USD
2023-03-10 price GLD                                85.38 USD
2023-03-17 price VBMPX                             172.22 USD
2023-03-17 price RGAGX                              40.73 USD
2023-03-17 price ITOT                              114.80 USD
2023-03-17 price VEA                               127.31 USD
2023-03-17 price VHT                               100.90 USD
2023-03-17 price GLD                                83.04 USD
2023-03-24 price VBMPX                             174.82 USD
2023-03-24 price RGAGX                              41.93 USD
2023-03-24 price ITOT                              114.79 USD
2023-03-24 price VEA                               127.15 USD
2023-03-24 price VHT                               102.51 USD
2023-03-24 price GLD                                83.80 USD
2023-03-31 price VBMPX                             175.33 USD
2023-03-31 price RGAGX                              42.14 USD
2023-03-31 price ITOT                              113.26 USD
2023-03-31 price VEA                               127.13 USD
2023-03-31 price VHT                               102.62 USD
2023-03-31 price GLD                                83.55 USD
2023-04-07 price VBMPX                             174.37 USD
2023-04-07 price RGAGX                              43.94 USD
2023-04-07 price ITOT                              111.22 USD
2023-04-07 price VEA                               126.06 USD
2023-04-07 price VHT                               103.62 USD
2023-04-07 price GLD                                82.65 USD
2023-04-14 price VBMPX                             179.33 USD
2023-04-14 price RGAGX                              44.59 USD
2023-04-14 price ITOT                              110.33 USD
2023-04-14 price VEA                               127.86 USD
2023-04-14 price VHT                               104.12 USD
2023-04-14 price GLD                                81.22 USD
2023-04-21 price VBMPX                             176.23 USD
2023-04-21 price RGAGX                              44.83 USD
2023-04-21 price ITOT                              111.18 USD
2023-04-21 price VEA                               129.24 USD
2023-04-21 price VHT                               103.90 USD
2023-04-21 price GLD                                81.90 USD
2023-04-28 price VBMPX                             181.91 USD
2023-04-28 price RGAGX                              44.18 USD
2023-04-28 price ITOT                              110.77 USD
2023-04-28 price VEA                               129.92 USD
2023-04-28 price VHT                               104.26 USD
2023-04-28 price GLD                                81.45 USD
2023-05-05 price VBMPX                             184.27 USD
2023-05-05 price RGAGX                              43.85 USD
2023-05-05 price ITOT                              111.29 USD
2023-05-05 price VEA                               130.59 USD
2023-05-05 price VHT                               104.71 USD
2023-05-05 price GLD                                81.39 USD
2023-05-12 price VBMPX                             181.37 USD
2023-05-12 price RGAGX                              43.15 USD
2023-05-12 price ITOT                              114.51 USD
2023-05-12 price VEA                               130.17 USD
2023-05-12 price VHT                               103.93 USD
2023-05-12 price GLD                                80.80 USD
2023-05-19 price VBMPX                             182.94 USD
2023-05-19 price RGAGX                              43.38 USD
2023-05-19 price ITOT                              115.68 USD
2023-05-19 price VEA                               128.52 USD
2023-05-19 price VHT                               103.76 USD
2023-05-19 price GLD                                83.05 USD
2023-05-26 price VBMPX                             186.25 USD
2023-05-26 price RGAGX                              43.48 USD
2023-05-26 price ITOT                              114.22 USD
2023-05-26 price VEA                               126.31 USD
2023-05-26 price VHT                               103.85 USD
2023-05-26 price GLD                                83.20 USD
2023-06-02 price VBMPX                             193.16 USD
2023-06-02 price RGAGX                              42.83 USD
2023-06-02 price ITOT                              113.06 USD
2023-06-02 price VEA                               125.49 USD
2023-06-02 price VHT                               104.19 USD
2023-06-02 price GLD                                83.95 USD
2023-06-09 price VBMPX                             196.73 USD
2023-06-09 price RGAGX                              42.97 USD
2023-06-09 price ITOT                              113.48 USD
2023-06-09 price VEA                               125.99 USD
2023-06-09 price VHT                               104.06 USD
2023-06-09 price GLD                                84.40 USD
2023-06-16 price VBMPX                             198.72 USD
2023-06-16 price RGAGX                              41.14 USD
2023-06-16 price ITOT                              111.53 USD
2023-06-16 price VEA                               129.38 USD
2023-06-16 price VHT                               104.78 USD
2023-06-16 price GLD                                83.58 USD
2023-06-23 price VBMPX                             199.17 USD
2023-06-23 price RGAGX                              40.63 USD
2023-06-23 price ITOT                              114.33 USD
2023-06-23 price VEA                               128.71 USD
2023-06-23 price VHT                               105.13 USD
2023-06-23 price GLD                                84.80 USD
2023-06-30 price VBMPX                             189.56 USD
2023-06-30 price RGAGX                              41.21 USD
2023-06-30 price ITOT                              115.15 USD
2023-06-30 price VEA                               129.64 USD
2023-06-30 price VHT                               103.85 USD
2023-06-30 price GLD                                84.16 USD
2023-07-07 price VBMPX                             187.71 USD
2023-07-07 price RGAGX                              41.53 USD
2023-07-07 price ITOT                              114.34 USD
2023-07-07 price VEA                               129.46 USD
2023-07-07 price VHT                               103.56 USD
2023-07-07 price GLD                                83.91 USD
2023-07-14 price VBMPX                             188.52 USD
2023-07-14 price RGAGX                              41.62 USD
2023-07-14 price ITOT                              115.40 USD
2023-07-14 price VEA                               129.07 USD
2023-07-14 price VHT                               103.33 USD
2023-07-14 price GLD                                83.19 USD
2023-07-21 price VBMPX                             183.94 USD
2023-07-21 price RGAGX                              42.13 USD
2023-07-21 price ITOT                              114.36 USD
2023-07-21 price VEA                               129.04 USD
2023-07-21 price VHT                               104.36 USD
2023-07-21 price GLD                                84.37 USD
2023-07-28 price VBMPX                             186.99 USD
2023-07-28 price RGAGX                              42.39 USD
2023-07-28 price ITOT                              114.64 USD
2023-07-28 price VEA                               127.43 USD
2023-07-28 price VHT                               104.98 USD
2023-07-28 price GLD                                83.24 USD
2023-08-04 price VBMPX                             186.97 USD
2023-08-04 price RGAGX                              42.99 USD
2023-08-04 price ITOT                              113.72 USD
2023-08-04 price VEA                               127.71 USD
2023-08-04 price VHT                               103.82 USD
2023-08-04 price GLD                                83.83 USD
2023-08-11 price VBMPX                             185.41 USD
2023-08-11 price RGAGX                              44.22 USD
2023-08-11 price ITOT                              115.36 USD
2023-08-11 price VEA                               128.23 USD
2023-08-11 price VHT                               103.37 USD
2023-08-11 price GLD                                82.95 USD
2023-08-18 price VBMPX                             186.29 USD
2023-08-18 price RGAGX                              44.53 USD
2023-08-18 price ITOT                              114.48 USD
2023-08-18 price VEA                               127.96 USD
2023-08-18 price VHT                               103.74 USD
2023-08-18 price GLD                                85.56 USD
2023-08-25 price VBMPX                             181.65 USD
2023-08-25 price RGAGX                              43.89 USD
2023-08-25 price ITOT                              115.05 USD
2023-08-25 price VEA                               129.65 USD
2023-08-25 price VHT                               103.91 USD
2023-08-25 price GLD                                86.56 USD
2023-09-01 price VBMPX                             180.67 USD
2023-09-01 price RGAGX                              44.52 USD
2023-09-01 price ITOT                              117.56 USD
2023-09-01 price VEA                               128.12 USD
2023-09-01 price VHT                               105.20 USD
2023-09-01 price GLD                                87.69 USD
2023-09-08 price VBMPX                             185.51 USD
2023-09-08 price RGAGX                              45.13 USD
2023-09-08 price ITOT                              119.70 USD
2023-09-08 price VEA                               126.85 USD
2023-09-08 price VHT                               105.56 USD
2023-09-08 price GLD                                89.11 USD
2023-09-15 price VBMPX                             187.02 USD
2023-09-15 price RGAGX                              44.58 USD
2023-09-15 price ITOT                              122.49 USD
2023-09-15 price VEA                               125.94 USD
2023-09-15 price VHT                               105.76 USD
2023-09-15 price GLD                                89.48 USD
2023-09-22 price VBMPX                             183.75 USD
2023-09-22 price RGAGX                              43.85 USD
2023-09-22 price ITOT                              123.58 USD
2023-09-22 price VEA                               124.87 USD
2023-09-22 price VHT                               106.10 USD
2023-09-22 price GLD                                90.23 USD
2023-09-29 price VBMPX                             184.94 USD
2023-09-29 price RGAGX                              44.12 USD
2023-09-29 price ITOT                              125.87 USD
2023-09-29 price VEA                               124.19 USD
2023-09-29 price VHT                               107.16 USD
2023-09-29 price GLD                                91.82 USD
2023-10-06 price VBMPX                             190.75 USD
2023-10-06 price RGAGX                              43.49 USD
2023-10-06 price ITOT                              124.93 USD
2023-10-06 price VEA                               123.95 USD
2023-10-06 price VHT                               106.71 USD
2023-10-06 price GLD                                89.82 USD
2023-10-13 price VBMPX                             189.06 USD
2023-10-13 price RGAGX                              44.61 USD
2023-10-13 price ITOT                              123.64 USD
2023-10-13 price VEA                               125.27 USD
2023-10-13 price VHT                               106.52 USD
2023-10-13 price GLD                                90.75 USD
2023-10-20 price VBMPX                             188.64 USD
2023-10-20 price RGAGX                              44.99 USD
2023-10-20 price ITOT                              122.66 USD
2023-10-20 price VEA                               125.04 USD
2023-10-20 price VHT                               106.88 USD
2023-10-20 price GLD                                90.00 USD
2023-10-27 price VBMPX                             192.19 USD
2023-10-27 price RGAGX                              44.60 USD
2023-10-27 price ITOT                              121.11 USD
2023-10-27 price VEA                               126.83 USD
2023-10-27 price VHT                               107.88 USD
2023-10-27 price GLD                                90.58 USD
2023-11-03 price VBMPX                             187.70 USD
2023-11-03 price RGAGX                              46.07 USD
2023-11-03 price ITOT                              121.59 USD
2023-11-03 price VEA                               126.38 USD
2023-11-03 price VHT                               107.94 USD
2023-11-03 price GLD                                89.75 USD
2023-11-10 price VBMPX                             189.47 USD
2023-11-10 price RGAGX                              46.24 USD
2023-11-10 price ITOT                              122.46 USD
2023-11-10 price VEA                               122.64 USD
2023-11-10 price VHT                               107.77 USD
2023-11-10 price GLD                                89.38 USD
2023-11-17 price VBMPX                             198.90 USD
2023-11-17 price RGAGX                              47.57 USD
2023-11-17 price ITOT                              122.80 USD
2023-11-17 price VEA                               125.32 USD
2023-11-17 price VHT                               107.97 USD
2023-11-17 price GLD                                88.44 USD
2023-11-24 price VBMPX                             201.10 USD
2023-11-24 price RGAGX                              47.46 USD
2023-11-24 price ITOT                              124.43 USD
2023-11-24 price VEA                               125.84 USD
2023-11-24 price VHT                               108.24 USD
2023-11-24 price GLD                                87.18 USD
2023-12-01 price VBMPX                             204.18 USD
2023-12-01 price RGAGX                              48.93 USD
2023-12-01 price ITOT                              124.81 USD
2023-12-01 price VEA                               125.43 USD
2023-12-01 price VHT                               108.37 USD
2023-12-01 price GLD                                89.05 USD
2023-12-08 price VBMPX                             202.37 USD
2023-12-08 price RGAGX                              46.94 USD
2023-12-08 price ITOT                              123.92 USD
2023-12-08 price VEA                               125.84 USD
2023-12-08 price VHT                               109.06 USD
2023-12-08 price GLD                                89.48 USD
2023-12-15 price VBMPX                             199.98 USD
2023-12-15 price RGAGX                              47.45 USD
2023-12-15 price ITOT                              124.10 USD
2023-12-15 price VEA                               126.59 USD
2023-12-15 price VHT                               109.99 USD
2023-12-15 price GLD                                91.03 USD
2023-12-22 price VBMPX                             206.13 USD
2023-12-22 price RGAGX                              46.82 USD
2023-12-22 price ITOT                              122.95 USD
2023-12-22 price VEA                               129.20 USD
2023-12-22 price VHT                               110.17 USD
2023-12-22 price GLD                                91.44 USD
2023-12-29 price VBMPX                             206.31 USD
2023-12-29 price RGAGX                              46.42 USD
2023-12-29 price ITOT                              123.29 USD
2023-12-29 price VEA                               127.83 USD
2023-12-29 price VHT                               110.57 USD
2023-12-29 price GLD                                94.32 USD
2024-01-05 price VBMPX                             206.47 USD
2024-01-05 price RGAGX                              47.85 USD
2024-01-05 price ITOT                              122.32 USD
2024-01-05 price VEA                               129.74 USD
2024-01-05 price VHT                               110.24 USD
2024-01-05 price GLD                                96.11 USD
2024-01-12 price VBMPX                             208.38 USD
2024-01-12 price RGAGX                              47.84 USD
2024-01-12 price ITOT                              120.35 USD
2024-01-12 price VEA                               129.41 USD
2024-01-12 price VHT                               110.70 USD
2024-01-12 price GLD                                98.15 USD
2024-01-19 price VBMPX                             208.45 USD
2024-01-19 price RGAGX                              48.17 USD
2024-01-19 price ITOT                              116.99 USD
2024-01-19 price VEA                               130.08 USD
2024-01-19 price VHT                               109.97 USD
2024-01-19 price GLD                                96.62 USD
2024-01-26 price VBMPX                             217.87 USD
2024-01-26 price RGAGX                              48.44 USD
2024-01-26 price ITOT                              113.63 USD
2024-01-26 price VEA                               132.36 USD
2024-01-26 price VHT                               110.07 USD
2024-01-26 price GLD                                96.07 USD
2024-02-02 price VBMPX                             214.40 USD
2024-02-02 price RGAGX                              49.70 USD
2024-02-02 price ITOT                              112.24 USD
2024-02-02 price VEA                               132.49 USD
2024-02-02 price VHT                               110.63 USD
2024-02-02 price GLD                                96.52 USD
2024-02-09 price VBMPX                             212.08 USD
2024-02-09 price RGAGX                              49.51 USD
2024-02-09 price ITOT                              113.10 USD
2024-02-09 price VEA                               131.73 USD
2024-02-09 price VHT                               111.24 USD
2024-02-09 price GLD                                98.95 USD
2024-02-16 price VBMPX                             209.70 USD
2024-02-16 price RGAGX                              50.08 USD
2024-02-16 price ITOT                              114.16 USD
2024-02-16 price VEA                               131.90 USD
2024-02-16 price VHT                               110.18 USD
2024-02-16 price GLD                               100.63 USD
2024-02-23 price VBMPX                             212.39 USD
2024-02-23 price RGAGX                              50.54 USD
2024-02-23 price ITOT                              115.33 USD
2024-02-23 price VEA                               132.47 USD
2024-02-23 price VHT                               110.56 USD
2024-02-23 price GLD                               102.76 USD
2024-03-01 price VBMPX                             219.91 USD
2024-03-01 price RGAGX                              49.70 USD
2024-03-01 price ITOT                              114.21 USD
2024-03-01 price VEA                               131.38 USD
2024-03-01 price VHT                               111.56 USD
2024-03-01 price GLD                               104.57 USD
2024-03-08 price VBMPX                             226.59 USD
2024-03-08 price RGAGX                              50.57 USD
2024-03-08 price ITOT                              114.76 USD
2024-03-08 price VEA                               132.61 USD
2024-03-08 price VHT                               110.53 USD
2024-03-08 price GLD                               102.70 USD
2024-03-15 price VBMPX                             234.67 USD
2024-03-15 price RGAGX                              51.25 USD
2024-03-15 price ITOT                              115.90 USD
2024-03-15 price VEA                               132.87 USD
2024-03-15 price VHT                               111.22 USD
2024-03-15 price GLD                               102.33 USD
2024-03-22 price VBMPX                             234.18 USD
2024-03-22 price RGAGX                              50.63 USD
2024-03-22 price ITOT                              118.62 USD
2024-03-22 price VEA                               131.84 USD
2024-03-22 price VHT                               112.65 USD
2024-03-22 price GLD                               103.96 USD
2024-03-29 price VBMPX                             230.37 USD
2024-03-29 price RGAGX                              51.93 USD
2024-03-29 price ITOT                              120.11 USD
2024-03-29 price VEA                               131.55 USD
2024-03-29 price VHT                               112.87 USD
2024-03-29 price GLD                               104.03 USD
2024-04-05 price VBMPX                             228.02 USD
2024-04-05 price RGAGX                              52.39 USD
2024-04-05 price ITOT                              118.21 USD
2024-04-05 price VEA                               132.57 USD
2024-04-05 price VHT                               114.22 USD
2024-04-05 price GLD                               103.18 USD
2024-04-12 price VBMPX                             231.32 USD
2024-04-12 price RGAGX                              52.90 USD
2024-04-12 price ITOT                              119.59 USD
2024-04-12 price VEA                               132.08 USD
2024-04-12 price VHT                               114.08 USD
2024-04-12 price GLD                               103.97 USD
2024-04-19 price VBMPX                             229.95 USD
2024-04-19 price RGAGX                              53.01 USD
2024-04-19 price ITOT                              120.46 USD
2024-04-19 price VEA                               131.51 USD
2024-04-19 price VHT                               114.64 USD
2024-04-19 price GLD                               103.65 USD
2024-04-26 price VBMPX                             232.16 USD
2024-04-26 price RGAGX                              52.35 USD
2024-04-26 price ITOT                              118.72 USD
2024-04-26 price VEA                               133.28 USD
2024-04-26 price VHT                               114.58 USD
2024-04-26 price GLD                               103.19 USD
2024-05-03 price VBMPX                             223.47 USD
2024-05-03 price RGAGX                              50.90 USD
2024-05-03 price ITOT                              119.94 USD
2024-05-03 price VEA                               134.65 USD
2024-05-03 price VHT                               115.18 USD
2024-05-03 price GLD                               103.64 USD
2024-05-10 price VBMPX                             221.73 USD
2024-05-10 price RGAGX                              49.72 USD
2024-05-10 price ITOT                              120.46 USD
2024-05-10 price VEA                               132.03 USD
2024-05-10 price VHT                               116.58 USD
2024-05-10 price GLD                               104.61 USD
2024-05-17 price VBMPX                             223.16 USD
2024-05-17 price RGAGX                              50.80 USD
2024-05-17 price ITOT                              119.48 USD
2024-05-17 price VEA                               132.19 USD
2024-05-17 price VHT                               117.49 USD
2024-05-17 price GLD                               104.13 USD
2024-05-24 price VBMPX                             219.93 USD
2024-05-24 price RGAGX                              51.66 USD
2024-05-24 price ITOT                              118.62 USD
2024-05-24 price VEA                               132.50 USD
2024-05-24 price VHT                               117.48 USD
2024-05-24 price GLD                               103.42 USD
2024-05-31 price VBMPX                             219.25 USD
2024-05-31 price RGAGX                              53.04 USD
2024-05-31 price ITOT                              121.07 USD
2024-05-31 price VEA                               132.43 USD
2024-05-31 price VHT                               118.05 USD
2024-05-31 price GLD                               103.19 USD
2024-06-07 price VBMPX                             220.90 USD
2024-06-07 price RGAGX                              51.49 USD
2024-06-07 price ITOT                              121.93 USD
2024-06-07 price VEA                               132.93 USD
2024-06-07 price VHT                               118.31 USD
2024-06-07 price GLD                               102.53 USD
2024-06-14 price VBMPX                             221.31 USD
2024-06-14 price RGAGX                              52.12 USD
2024-06-14 price ITOT                              125.16 USD
2024-06-14 price VEA                               131.17 USD
2024-06-14 price VHT                               117.89 USD
2024-06-14 price GLD                               101.45 USD
2024-06-21 price VBMPX                             215.34 USD
2024-06-21 price RGAGX                              51.67 USD
2024-06-21 price ITOT                              121.71 USD
2024-06-21 price VEA                               130.43 USD
2024-06-21 price VHT                               119.15 USD
2024-06-21 price GLD                                99.76 USD
2024-06-28 price VBMPX                             214.37 USD
2024-06-28 price RGAGX                              51.77 USD
2024-06-28 price ITOT                              120.36 USD
2024-06-28 price VEA                               132.29 USD
2024-06-28 price VHT                               119.62 USD
2024-06-28 price GLD                                99.95 USD
2024-07-05 price VBMPX                             214.57 USD
2024-07-05 price RGAGX                              52.35 USD
2024-07-05 price ITOT                              118.51 USD
2024-07-05 price VEA                               133.17 USD
2024-07-05 price VHT                               119.88 USD
2024-07-05 price GLD                                99.62 USD
2024-07-12 price VBMPX                             223.20 USD
2024-07-12 price RGAGX                              51.99 USD
2024-07-12 price ITOT                              117.32 USD
2024-07-12 price VEA                               134.56 USD
2024-07-12 price VHT                               120.39 USD
2024-07-12 price GLD                                99.23 USD
2024-07-19 price VBMPX                             220.36 USD
2024-07-19 price RGAGX                              51.02 USD
2024-07-19 price ITOT                              117.48 USD
2024-07-19 price VEA                               133.52 USD
2024-07-19 price VHT                               119.85 USD
2024-07-19 price GLD                               102.25 USD
2024-07-26 price VBMPX                             227.08 USD
2024-07-26 price RGAGX                              49.10 USD
2024-07-26 price ITOT                              117.57 USD
2024-07-26 price VEA                               131.17 USD
2024-07-26 price VHT                               119.63 USD
2024-07-26 price GLD                               103.39 USD
2024-08-02 price VBMPX                             228.83 USD
2024-08-02 price RGAGX                              49.48 USD
2024-08-02 price ITOT                              119.05 USD
2024-08-02 price VEA                               132.85 USD
2024-08-02 price VHT                               119.90 USD
2024-08-02 price GLD                               103.95 USD
2024-08-09 price VBMPX                             226.59 USD
2024-08-09 price RGAGX                              51.52 USD
2024-08-09 price ITOT                              120.99 USD
2024-08-09 price VEA                               131.03 USD
2024-08-09 price VHT                               118.95 USD
2024-08-09 price GLD                               103.85 USD
2024-08-16 price VBMPX                             226.19 USD
2024-08-16 price RGAGX                              50.72 USD
2024-08-16 price ITOT                              120.47 USD
2024-08-16 price VEA                               131.05 USD
2024-08-16 price VHT                               118.30 USD
2024-08-16 price GLD                               105.30 USD
2024-08-23 price VBMPX                             228.60 USD
2024-08-23 price RGAGX                              51.75 USD
2024-08-23 price ITOT                              122.21 USD
2024-08-23 price VEA                               129.58 USD
2024-08-23 price VHT                               118.98 USD
2024-08-23 price GLD                               105.14 USD
2024-08-30 price VBMPX                             225.91 USD
2024-08-30 price RGAGX                              53.11 USD
2024-08-30 price ITOT                              119.39 USD
2024-08-30 price VEA                               130.55 USD
2024-08-30 price VHT                               118.69 USD
2024-08-30 price GLD                               104.61 USD
2024-09-06 price VBMPX                             229.33 USD
2024-09-06 price RGAGX                              54.18 USD
2024-09-06 price ITOT                              122.10 USD
2024-09-06 price VEA                               129.53 USD
2024-09-06 price VHT                               118.54 USD
2024-09-06 price GLD                               103.34 USD
2024-09-13 price VBMPX                             226.58 USD
2024-09-13 price RGAGX                              53.09 USD
2024-09-13 price ITOT                              121.29 USD
2024-09-13 price VEA                               129.72 USD
2024-09-13 price VHT                               118.56 USD
2024-09-13 price GLD                               103.43 USD
2024-09-20 price VBMPX                             230.77 USD
2024-09-20 price RGAGX                              55.11 USD
2024-09-20 price ITOT                              122.42 USD
2024-09-20 price VEA                               130.77 USD
2024-09-20 price VHT                               118.98 USD
2024-09-20 price GLD                               103.03 USD
2024-09-27 price VBMPX                             236.09 USD
2024-09-27 price RGAGX                              56.07 USD
2024-09-27 price ITOT                              122.15 USD
2024-09-27 price VEA                               132.49 USD
2024-09-27 price VHT                               119.69 USD
2024-09-27 price GLD                               103.78 USD
2024-10-04 price VBMPX                             243.03 USD
2024-10-04 price RGAGX                              57.13 USD
2024-10-04 price ITOT                              121.34 USD
2024-10-04 price VEA                               134.29 USD
2024-10-04 price VHT                               119.16 USD
2024-10-04 price GLD                               105.62 USD
2024-10-11 price VBMPX                             246.79 USD
2024-10-11 price RGAGX                              56.26 USD
2024-10-11 price ITOT                              119.53 USD
2024-10-11 price VEA                               135.65 USD
2024-10-11 price VHT                               118.97 USD
2024-10-11 price GLD                               106.04 USD
2024-10-18 price VBMPX                             251.11 USD
2024-10-18 price RGAGX                              56.54 USD
2024-10-18 price ITOT                              120.16 USD
2024-10-18 price VEA                               133.81 USD
2024-10-18 price VHT                               118.65 USD
2024-10-18 price GLD                               107.27 USD
2024-10-25 price VBMPX                             248.25 USD
2024-10-25 price RGAGX                              56.35 USD
2024-10-25 price ITOT                              121.13 USD
2024-10-25 price VEA                               135.47 USD
2024-10-25 price VHT                               119.38 USD
2024-10-25 price GLD                               108.29 USD
2024-11-01 price VBMPX                             247.47 USD
2024-11-01 price RGAGX                              57.27 USD
2024-11-01 price ITOT                              122.85 USD
2024-11-01 price VEA                               135.26 USD
2024-11-01 price VHT                               119.81 USD
2024-11-01 price GLD                               110.00 USD
2024-11-08 price VBMPX                             253.43 USD
2024-11-08 price RGAGX                              57.11 USD
2024-11-08 price ITOT                              124.79 USD
2024-11-08 price VEA                               133.72 USD
2024-11-08 price VHT                               121.36 USD
2024-11-08 price GLD                               111.66 USD
2024-11-15 price VBMPX                             242.60 USD
2024-11-15 price RGAGX                              56.69 USD
2024-11-15 price ITOT                              126.26 USD
2024-11-15 price VEA                               134.05 USD
2024-11-15 price VHT                               122.41 USD
2024-11-15 price GLD                               111.44 USD
2024-11-22 price VBMPX                             242.19 USD
2024-11-22 price RGAGX                              56.08 USD
2024-11-22 price ITOT                              126.65 USD
2024-11-22 price VEA                               131.20 USD
2024-11-22 price VHT                               121.61 USD
2024-11-22 price GLD                               112.15 USD
2024-11-29 price VBMPX                             231.96 USD
2024-11-29 price RGAGX                              57.54 USD
2024-11-29 price ITOT                              123.89 USD
2024-11-29 price VEA                               128.31 USD
2024-11-29 price VHT                               121.65 USD
2024-11-29 price GLD                               113.19 USD
2024-12-06 price VBMPX                             232.42 USD
2024-12-06 price RGAGX                              57.46 USD
2024-12-06 price ITOT                              127.15 USD
2024-12-06 price VEA                               128.00 USD
2024-12-06 price VHT                               121.66 USD
2024-12-06 price GLD                               112.48 USD
2024-12-13 price VBMPX                             229.36 USD
2024-12-13 price RGAGX                              57.94 USD
2024-12-13 price ITOT                              130.03 USD
2024-12-13 price VEA                               129.34 USD
2024-12-13 price VHT                               122.02 USD
2024-12-13 price GLD                               115.23 USD
2024-12-20 price VBMPX                             235.49 USD
2024-12-20 price RGAGX                              56.57 USD
2024-12-20 price ITOT                              129.02 USD
2024-12-20 price VEA                               127.91 USD
2024-12-20 price VHT                               122.83 USD
2024-12-20 price GLD                               115.54 USD
2024-12-27 price VBMPX                             236.43 USD
2024-12-27 price RGAGX                              57.24 USD
2024-12-27 price ITOT                              132.11 USD
2024-12-27 price VEA                               129.37 USD
2024-12-27 price VHT                               123.80 USD
2024-12-27 price GLD                               115.16 USD
2025-01-03 price VBMPX                             243.49 USD
2025-01-03 price RGAGX                              59.77 USD
2025-01-03 price ITOT                              131.10 USD
2025-01-03 price VEA                               129.20 USD
2025-01-03 price VHT                               123.15 USD
2025-01-03 price GLD                               114.88 USD
2025-01-10 price VBMPX                             243.71 USD
2025-01-10 price RGAGX                              60.06 USD
2025-01-10 price ITOT                              129.39 USD
2025-01-10 price VEA                               129.25 USD
2025-01-10 price VHT                               123.30 USD
2025-01-10 price GLD                               113.34 USD
2025-01-17 price VBMPX                             244.26 USD
2025-01-17 price RGAGX                              60.99 USD
2025-01-17 price ITOT                              129.16 USD
2025-01-17 price VEA                               129.35 USD
2025-01-17 price VHT                               123.99 USD
2025-01-17 price GLD                               112.56 USD
2025-01-24 price VBMPX                             237.01 USD
2025-01-24 price RGAGX                              62.10 USD
2025-01-24 price ITOT                              128.70 USD
2025-01-24 price VEA                               130.61 USD
2025-01-24 price VHT                               123.30 USD
2025-01-24 price GLD                               113.49 USD
2025-01-31 price VBMPX                             234.65 USD
2025-01-31 price RGAGX                              61.56 USD
2025-01-31 price ITOT                              133.14 USD
2025-01-31 price VEA                               131.10 USD
2025-01-31 price VHT                               122.50 USD
2025-01-31 price GLD                               115.07 USD
2025-02-07 price VBMPX                             236.84 USD
2025-02-07 price RGAGX                              61.38 USD
2025-02-07 price ITOT                              134.25 USD
2025-02-07 price VEA                               130.63 USD
2025-02-07 price VHT                               122.66 USD
2025-02-07 price GLD                               115.33 USD
2025-02-14 price VBMPX                             231.78 USD
2025-02-14 price RGAGX                              61.93 USD
2025-02-14 price ITOT                              135.86 USD
2025-02-14 price VEA                               130.06 USD
2025-02-14 price VHT                               122.94 USD
2025-02-14 price GLD                               114.28 USD
2025-02-21 price VBMPX                             229.23 USD
2025-02-21 price RGAGX                              64.11 USD
2025-02-21 price ITOT                              134.93 USD
2025-02-21 price VEA                               133.06 USD
2025-02-21 price VHT                               122.38 USD
2025-02-21 price GLD                               114.61 USD
2025-02-28 price VBMPX                             228.31 USD
2025-02-28 price RGAGX                              66.34 USD
2025-02-28 price ITOT                              136.56 USD
2025-02-28 price VEA                               133.08 USD
2025-02-28 price VHT                               122.73 USD
2025-02-28 price GLD                               114.67 USD
2025-03-07 price VBMPX                             223.88 USD
2025-03-07 price RGAGX                              65.13 USD
2025-03-07 price ITOT                              140.37 USD
2025-03-07 price VEA                               135.16 USD
2025-03-07 price VHT                               122.44 USD
2025-03-07 price GLD                               112.94 USD
2025-03-14 price VBMPX                             222.67 USD
2025-03-14 price RGAGX                              65.19 USD
2025-03-14 price ITOT                              141.79 USD
2025-03-14 price VEA                               135.59 USD
2025-03-14 price VHT                               123.34 USD
2025-03-14 price GLD                               115.87 USD
2025-03-21 price VBMPX                             213.91 USD
2025-03-21 price RGAGX                              66.27 USD
2025-03-21 price ITOT                              142.14 USD
2025-03-21 price VEA                               133.72 USD
2025-03-21 price VHT                               123.27 USD
2025-03-21 price GLD                               115.24 USD
2025-03-28 price VBMPX                             216.56 USD
2025-03-28 price RGAGX                              67.26 USD
2025-03-28 price ITOT                              144.73 USD
2025-03-28 price VEA                               132.48 USD
2025-03-28 price VHT                               122.47 USD
2025-03-28 price GLD                               116.09 USD
2025-04-04 price VBMPX                             216.65 USD
2025-04-04 price RGAGX                              68.34 USD
2025-04-04 price ITOT                              144.27 USD
2025-04-04 price VEA                               133.06 USD
2025-04-04 price VHT                               122.48 USD
2025-04-04 price GLD                               113.89 USD
2025-04-11 price VBMPX                             214.88 USD
2025-04-11 price RGAGX                              67.09 USD
2025-04-11 price ITOT                              144.49 USD
2025-04-11 price VEA                               132.40 USD
2025-04-11 price VHT                               123.39 USD
2025-04-11 price GLD                               113.22 USD
2025-04-18 price VBMPX                             216.69 USD
2025-04-18 price RGAGX                              67.87 USD
2025-04-18 price ITOT                              144.94 USD
2025-04-18 price VEA                               131.77 USD
2025-04-18 price VHT                               123.92 USD
2025-04-18 price GLD                               113.79 USD
2025-04-25 price VBMPX                             216.86 USD
2025-04-25 price RGAGX                              68.27 USD
2025-04-25 price ITOT                              145.24 USD
2025-04-25 price VEA                               132.97 USD
2025-04-25 price VHT                               122.87 USD
2025-04-25 price GLD                               114.24 USD
2025-05-02 price VBMPX                             216.19 USD
2025-05-02 price RGAGX                              68.98 USD
2025-05-02 price ITOT                              148.05 USD
2025-05-02 price VEA                               130.96 USD
2025-05-02 price VHT                               122.11 USD
2025-05-02 price GLD                               114.21 USD
2025-05-09 price VBMPX                             216.47 USD
2025-05-09 price RGAGX                              69.64 USD
2025-05-09 price ITOT                              147.13 USD
2025-05-09 price VEA                               131.57 USD
2025-05-09 price VHT                               122.25 USD
2025-05-09 price GLD                               113.55 USD
2025-05-16 price VBMPX                             202.60 USD
2025-05-16 price RGAGX                              68.92 USD
2025-05-16 price ITOT                              145.89 USD
2025-05-16 price VEA                               131.19 USD
2025-05-16 price VHT                               122.59 USD
2025-05-16 price GLD                               113.28 USD
2025-05-23 price VBMPX                             200.01 USD
2025-05-23 price RGAGX                              72.34 USD
2025-05-23 price ITOT                              143.09 USD
2025-05-23 price VEA                               132.73 USD
2025-05-23 price VHT                               123.34 USD
2025-05-23 price GLD                               111.36 USD
2025-05-30 price VBMPX                             198.89 USD
2025-05-30 price RGAGX                              72.60 USD
2025-05-30 price ITOT                              145.09 USD
2025-05-30 price VEA                               131.05 USD
2025-05-30 price VHT                               123.14 USD
2025-05-30 price GLD                               110.66 USD
2025-06-06 price VBMPX                             196.86 USD
2025-06-06 price RGAGX                              71.42 USD
2025-06-06 price ITOT                              144.70 USD
2025-06-06 price VEA                               131.17 USD
2025-06-06 price VHT                               122.24 USD
2025-06-06 price GLD                               109.42 USD
2025-06-13 price VBMPX                             192.68 USD
2025-06-13 price RGAGX                              72.10 USD
2025-06-13 price ITOT                              146.32 USD
2025-06-13 price VEA                               132.79 USD
2025-06-13 price VHT                               122.28 USD
2025-06-13 price GLD                               112.66 USD
2025-06-20 price VBMPX                             192.33 USD
2025-06-20 price RGAGX                              72.81 USD
2025-06-20 price ITOT                              144.01 USD
2025-06-20 price VEA                               133.49 USD
2025-06-20 price VHT                               122.56 USD
2025-06-20 price GLD                               114.96 USD
2025-06-27 price VBMPX                             190.09 USD
2025-06-27 price RGAGX                              73.13 USD
2025-06-27 price ITOT                              145.73 USD
2025-06-27 price VEA                               134.65 USD
2025-06-27 price VHT                               121.92 USD
2025-06-27 price GLD                               113.89 USD
2025-07-04 price VBMPX                             191.49 USD
2025-07-04 price RGAGX                              70.84 USD
2025-07-04 price ITOT                              144.28 USD
2025-07-04 price VEA                               132.90 USD
2025-07-04 price VHT                               121.56 USD
2025-07-04 price GLD                               114.56 USD
2025-07-11 price VBMPX                             190.09 USD
2025-07-11 price RGAGX                              71.43 USD
2025-07-11 price ITOT                              144.01 USD
2025-07-11 price VEA                               131.09 USD
2025-07-11 price VHT                               122.12 USD
2025-07-11 price GLD                               115.38 USD
2025-07-18 price VBMPX                             189.89 USD
2025-07-18 price RGAGX                              71.31 USD
2025-07-18 price ITOT                              145.79 USD
2025-07-18 price VEA                               131.32 USD
2025-07-18 price VHT                               122.37 USD
2025-07-18 price GLD                               117.52 USD
2025-07-25 price VBMPX                             195.91 USD
2025-07-25 price RGAGX                              70.16 USD
2025-07-25 price ITOT                              145.52 USD
2025-07-25 price VEA                               131.57 USD
2025-07-25 price VHT                               123.26 USD
2025-07-25 price GLD                               117.66 USD
2025-08-01 price VBMPX                             194.40 USD
2025-08-01 price RGAGX                              70.12 USD
2025-08-01 price ITOT                              147.04 USD
2025-08-01 price VEA                               129.75 USD
2025-08-01 price VHT                               123.64 USD
2025-08-01 price GLD                               120.62 USD
2025-08-08 price VBMPX                             191.16 USD
2025-08-08 price RGAGX                              70.76 USD
2025-08-08 price ITOT                              144.12 USD
2025-08-08 price VEA                               130.43 USD
2025-08-08 price VHT                               124.63 USD
2025-08-08 price GLD                               120.54 USD
2025-08-15 price VBMPX                             193.34 USD
2025-08-15 price RGAGX                              71.12 USD
2025-08-15 price ITOT                              143.98 USD
2025-08-15 price VEA                               132.61 USD
2025-08-15 price VHT                               124.75 USD
2025-08-15 price GLD                               121.77 USD
2025-08-22 price VBMPX                             188.49 USD
2025-08-22 price RGAGX                              70.01 USD
2025-08-22 price ITOT                              140.19 USD
2025-08-22 price VEA                               131.57 USD
2025-08-22 price VHT                               124.71 USD
2025-08-22 price GLD                               122.67 USD
2025-08-29 price VBMPX                             188.94 USD
2025-08-29 price RGAGX                              68.87 USD
2025-08-29 price ITOT                              143.70 USD
2025-08-29 price VEA                               132.30 USD
2025-08-29 price VHT                               124.96 USD
2025-08-29 price GLD                               123.68 USD
2025-09-05 price VBMPX                             190.65 USD
2025-09-05 price RGAGX                              66.42 USD
2025-09-05 price ITOT                              145.61 USD
2025-09-05 price VEA                               131.43 USD
2025-09-05 price VHT                               123.38 USD
2025-09-05 price GLD                               121.76 USD
2025-09-12 price VBMPX                             194.22 USD
2025-09-12 price RGAGX                              66.84 USD
2025-09-12 price ITOT                              146.65 USD
2025-09-12 price VEA                               131.43 USD
2025-09-12 price VHT                               123.45 USD
2025-09-12 price GLD                               122.35 USD
2025-09-19 price VBMPX                             197.71 USD
2025-09-19 price RGAGX                              67.84 USD
2025-09-19 price ITOT                              148.20 USD
2025-09-19 price VEA                               131.36 USD
2025-09-19 price VHT                               123.66 USD
2025-09-19 price GLD                               126.16 USD
2025-09-26 price VBMPX                             197.24 USD
2025-09-26 price RGAGX                              66.33 USD
2025-09-26 price ITOT                              150.13 USD
2025-09-26 price VEA                               132.41 USD
2025-09-26 price VHT                               123.80 USD
2025-09-26 price GLD                               125.40 USD
2025-10-03 price VBMPX                             192.12 USD
2025-10-03 price RGAGX                              67.26 USD
2025-10-03 price ITOT                              151.85 USD
2025-10-03 price VEA                               128.75 USD
2025-10-03 price VHT                               124.49 USD
2025-10-03 price GLD                               126.20 USD
2025-10-10 price VBMPX                             189.70 USD
2025-10-10 price RGAGX                              67.10 USD
2025-10-10 price ITOT                              152.28 USD
2025-10-10 price VEA                               128.00 USD
2025-10-10 price VHT                               124.48 USD
2025-10-10 price GLD                               125.37 USD
2025-10-17 price VBMPX                             193.46 USD
2025-10-17 price RGAGX                              68.97 USD
2025-10-17 price ITOT                              154.85 USD
2025-10-17 price VEA                               127.04 USD
2025-10-17 price VHT                               124.98 USD
2025-10-17 price GLD                               125.13 USD
2025-10-24 price VBMPX                             192.59 USD
2025-10-24 price RGAGX                              69.37 USD
2025-10-24 price ITOT                              154.56 USD
2025-10-24 price VEA                               127.74 USD
2025-10-24 price VHT                               124.98 USD
2025-10-24 price GLD                               126.20 USD
2025-10-31 price VBMPX                             195.34 USD
2025-10-31 price RGAGX                              71.15 USD
2025-10-31 price ITOT                              159.10 USD
2025-10-31 price VEA                               128.45 USD
2025-10-31 price VHT                               125.75 USD
2025-10-31 price GLD                               128.33 USD
2025-11-07 price VBMPX                             194.46 USD
2025-11-07 price RGAGX                              70.86 USD
2025-11-07 price ITOT                              157.60 USD
2025-11-07 price VEA                               130.41 USD
2025-11-07 price VHT                               126.54 USD
2025-11-07 price GLD                               128.74 USD



* Cash


; Source: https://raw.githubusercontent.com/Boelensman1/node-beancount/91c2959eaf7a92e03c748e453c2b59ff6454361b/test/example-full.beancount
