;; -*- mode: org; mode: beancount; -*-
;; Birth: 1980-05-12
;; Dates: 2022-01-01 - 2024-02-13
;; THIS FILE HAS BEEN AUTO-GENERATED.
* Options

option "title" "Example Beancount file"
option "operating_currency" "USD"




* Commodities


1792-01-01 commodity USD
  name: "US Dollar"
  export: "CASH"

1900-01-01 commodity VMMXX
  export: "MUTF:VMMXX (MONEY:USD)"

1980-05-12 commodity VACHR
  name: "Employer Vacation Hours"
  export: "IGNORE"

1980-05-12 commodity IRAUSD
  name: "US 401k and IRA Contributions"
  export: "IGNORE"

1995-09-18 commodity VBMPX
  name: "Vanguard Total Bond Market Index Fund Institutional Plus Shares"
  export: "MUTF:VBMPX"
  price: "USD:google/MUTF:VBMPX"

2004-01-20 commodity ITOT
  name: "iShares Core S&P Total U.S. Stock Market ETF"
  export: "NYSEARCA:ITOT"
  price: "USD:google/NYSEARCA:ITOT"

2004-01-26 commodity VHT
  name: "Vanguard Health Care ETF"
  export: "NYSEARCA:VHT"
  price: "USD:google/NYSEARCA:VHT"

2004-11-01 commodity GLD
  name: "SPDR Gold Trust (ETF)"
  export: "NYSEARCA:GLD"
  price: "USD:google/NYSEARCA:GLD"

2007-07-20 commodity VEA
  name: "Vanguard FTSE Developed Markets ETF"
  export: "NYSEARCA:VEA"
  price: "USD:google/NYSEARCA:VEA"

2009-05-01 commodity RGAGX
  name: "American Funds The Growth Fund of America Class R-6"
  export: "MUTF:RGAGX"
  price: "USD:google/MUTF:RGAGX"



* Equity Accounts

1980-05-12 open Equity:Opening-Balances
1980-05-12 open Liabilities:AccountsPayable



* Banking

2022-01-01 open Assets:US:BofA
  institution: "Bank of America"
  address: "123 America Street, LargeTown, USA"
  phone: "+1.012.345.6789"
2022-01-01 open Assets:US:BofA:Checking                        USD
  account: "00234-48574897"

2022-01-01 * "Opening Balance for checking account"
  Assets:US:BofA:Checking                         3589.96 USD
  Equity:Opening-Balances                        -3589.96 USD

2022-01-02 balance Assets:US:BofA:Checking        3589.96 USD

2022-01-03 * "RiverBank Properties" "Paying the rent"
  Assets:US:BofA:Checking                        -2400.00 USD
  Expenses:Home:Rent                              2400.00 USD

2022-01-04 * "BANK FEES" "Monthly bank fee"
  Assets:US:BofA:Checking                           -4.00 USD
  Expenses:Financial:Fees                            4.00 USD

2022-01-09 * "EDISON POWER" ""
  Assets:US:BofA:Checking                          -65.00 USD
  Expenses:Home:Electricity                         65.00 USD

2022-01-19 * "Verizon Wireless" ""
  Assets:US:BofA:Checking                          -47.77 USD
  Expenses:Home:Phone                               47.77 USD

2022-01-23 * "Wine-Tarner Cable" ""
  Assets:US:BofA:Checking                          -80.20 USD
  Expenses:Home:Internet                            80.20 USD

2022-01-31 balance Assets:US:BofA:Checking        3459.97 USD

2022-02-04 * "BANK FEES" "Monthly bank fee"
  Assets:US:BofA:Checking                           -4.00 USD
  Expenses:Financial:Fees                            4.00 USD

2022-02-05 * "RiverBank Properties" "Paying the rent"
  Assets:US:BofA:Checking                        -2400.00 USD
  Expenses:Home:Rent                              2400.00 USD

2022-02-09 * "EDISON POWER" ""
  Assets:US:BofA:Checking                          -65.00 USD
  Expenses:Home:Electricity                         65.00 USD

2022-02-18 * "Verizon Wireless" ""
  Assets:US:BofA:Checking                          -59.46 USD
  Expenses:Home:Phone                               59.46 USD

2022-02-22 * "Wine-Tarner Cable" ""
  Assets:US:BofA:Checking                          -80.02 USD
  Expenses:Home:Internet                            80.02 USD

2022-02-24 balance Assets:US:BofA:Checking        2842.83 USD

2022-03-04 * "BANK FEES" "Monthly bank fee"
  Assets:US:BofA:Checking                           -4.00 USD
  Expenses:Financial:Fees                            4.00 USD

2022-03-04 * "RiverBank Properties" "Paying the rent"
  Assets:US:BofA:Checking                        -2400.00 USD
  Expenses:Home:Rent                              2400.00 USD

2022-03-08 * "EDISON POWER" ""
  Assets:US:BofA:Checking                          -65.00 USD
  Expenses:Home:Electricity                         65.00 USD

2022-03-18 * "Verizon Wireless" ""
  Assets:US:BofA:Checking                          -65.15 USD
  Expenses:Home:Phone                               65.15 USD

2022-03-21 * "Wine-Tarner Cable" ""
  Assets:US:BofA:Checking                          -80.22 USD
  Expenses:Home:Internet                            80.22 USD

2022-03-25 balance Assets:US:BofA:Checking        2405.52 USD

2022-04-04 * "BANK FEES" "Monthly bank fee"
  Assets:US:BofA:Checking                           -4.00 USD
  Expenses:Financial:Fees                            4.00 USD

2022-04-04 * "RiverBank Properties" "Paying the rent"
  Assets:US:BofA:Checking                        -2400.00 USD
  Expenses:Home:Rent                              2400.00 USD

2022-04-08 * "EDISON POWER" ""
  Assets:US:BofA:Checking                          -65.00 USD
  Expenses:Home:Electricity                         65.00 USD

2022-04-20 * "Verizon Wireless" ""
  Assets:US:BofA:Checking                          -63.44 USD
  Expenses:Home:Phone                               63.44 USD

2022-04-21 * "Wine-Tarner Cable" ""
  Assets:US:BofA:Checking                          -79.99 USD
  Expenses:Home:Internet                            79.99 USD

2022-04-22 balance Assets:US:BofA:Checking        1902.92 USD

2022-05-04 * "BANK FEES" "Monthly bank fee"
  Assets:US:BofA:Checking                           -4.00 USD
  Expenses:Financial:Fees                            4.00 USD

2022-05-04 * "RiverBank Properties" "Paying the rent"
  Assets:US:BofA:Checking                        -2400.00 USD
  Expenses:Home:Rent                              2400.00 USD

2022-05-08 * "EDISON POWER" ""
  Assets:US:BofA:Checking                          -65.00 USD
  Expenses:Home:Electricity                         65.00 USD

2022-05-16 balance Assets:US:BofA:Checking        1609.39 USD

2022-05-18 * "Verizon Wireless" ""
  Assets:US:BofA:Checking                          -63.91 USD
  Expenses:Home:Phone                               63.91 USD

2022-05-23 * "Wine-Tarner Cable" ""
  Assets:US:BofA:Checking                          -80.03 USD
  Expenses:Home:Internet                            80.03 USD

2022-06-03 * "RiverBank Properties" "Paying the rent"
  Assets:US:BofA:Checking                        -2400.00 USD
  Expenses:Home:Rent                              2400.00 USD

2022-06-04 * "BANK FEES" "Monthly bank fee"
  Assets:US:BofA:Checking                           -4.00 USD
  Expenses:Financial:Fees                            4.00 USD

2022-06-09 * "EDISON POWER" ""
  Assets:US:BofA:Checking                          -65.00 USD
  Expenses:Home:Electricity                         65.00 USD

2022-06-10 balance Assets:US:BofA:Checking        1285.60 USD

2022-06-20 * "Verizon Wireless" ""
  Assets:US:BofA:Checking                          -60.90 USD
  Expenses:Home:Phone                               60.90 USD

2022-06-22 * "Wine-Tarner Cable" ""
  Assets:US:BofA:Checking                          -80.04 USD
  Expenses:Home:Internet                            80.04 USD

2022-07-01 balance Assets:US:BofA:Checking        2495.26 USD

2022-07-04 * "BANK FEES" "Monthly bank fee"
  Assets:US:BofA:Checking                           -4.00 USD
  Expenses:Financial:Fees                            4.00 USD

2022-07-04 * "RiverBank Properties" "Paying the rent"
  Assets:US:BofA:Checking                        -2400.00 USD
  Expenses:Home:Rent                              2400.00 USD

2022-07-08 * "EDISON POWER" ""
  Assets:US:BofA:Checking                          -65.00 USD
  Expenses:Home:Electricity                         65.00 USD

2022-07-20 * "Verizon Wireless" ""
  Assets:US:BofA:Checking                          -48.23 USD
  Expenses:Home:Phone                               48.23 USD

2022-07-21 * "Wine-Tarner Cable" ""
  Assets:US:BofA:Checking                          -80.04 USD
  Expenses:Home:Internet                            80.04 USD

2022-07-24 balance Assets:US:BofA:Checking        2272.97 USD

2022-08-04 * "BANK FEES" "Monthly bank fee"
  Assets:US:BofA:Checking                           -4.00 USD
  Expenses:Financial:Fees                            4.00 USD

2022-08-06 * "RiverBank Properties" "Paying the rent"
  Assets:US:BofA:Checking                        -2400.00 USD
  Expenses:Home:Rent                              2400.00 USD

2022-08-09 * "EDISON POWER" ""
  Assets:US:BofA:Checking                          -65.00 USD
  Expenses:Home:Electricity                         65.00 USD

2022-08-18 * "Verizon Wireless" ""
  Assets:US:BofA:Checking                          -69.23 USD
  Expenses:Home:Phone                               69.23 USD

2022-08-21 balance Assets:US:BofA:Checking        3554.26 USD

2022-08-22 * "Wine-Tarner Cable" ""
  Assets:US:BofA:Checking                          -80.04 USD
  Expenses:Home:Internet                            80.04 USD

2022-09-04 * "BANK FEES" "Monthly bank fee"
  Assets:US:BofA:Checking                           -4.00 USD
  Expenses:Financial:Fees                            4.00 USD

2022-09-06 * "RiverBank Properties" "Paying the rent"
  Assets:US:BofA:Checking                        -2400.00 USD
  Expenses:Home:Rent                              2400.00 USD

2022-09-08 * "EDISON POWER" ""
  Assets:US:BofA:Checking                          -65.00 USD
  Expenses:Home:Electricity                         65.00 USD

2022-09-14 balance Assets:US:BofA:Checking        2809.74 USD

2022-09-16 * "Transfering accumulated savings to other account"
  Assets:US:BofA:Checking                           -4000 USD
  Assets:US:ETrade:Cash                              4000 USD

2022-09-19 * "Verizon Wireless" ""
  Assets:US:BofA:Checking                          -50.12 USD
  Expenses:Home:Phone                               50.12 USD

2022-09-22 * "Wine-Tarner Cable" ""
  Assets:US:BofA:Checking                          -80.02 USD
  Expenses:Home:Internet                            80.02 USD

2022-10-04 * "BANK FEES" "Monthly bank fee"
  Assets:US:BofA:Checking                           -4.00 USD
  Expenses:Financial:Fees                            4.00 USD

2022-10-05 * "RiverBank Properties" "Paying the rent"
  Assets:US:BofA:Checking                        -2400.00 USD
  Expenses:Home:Rent                              2400.00 USD

2022-10-08 * "EDISON POWER" ""
  Assets:US:BofA:Checking                          -65.00 USD
  Expenses:Home:Electricity                         65.00 USD

2022-10-11 balance Assets:US:BofA:Checking         623.40 USD

2022-10-20 * "Verizon Wireless" ""
  Assets:US:BofA:Checking                          -60.27 USD
  Expenses:Home:Phone                               60.27 USD

2022-10-21 * "Wine-Tarner Cable" ""
  Assets:US:BofA:Checking                          -79.98 USD
  Expenses:Home:Internet                            79.98 USD

2022-11-02 balance Assets:US:BofA:Checking        5584.35 USD

2022-11-04 * "BANK FEES" "Monthly bank fee"
  Assets:US:BofA:Checking                           -4.00 USD
  Expenses:Financial:Fees                            4.00 USD

2022-11-05 * "RiverBank Properties" "Paying the rent"
  Assets:US:BofA:Checking                        -2400.00 USD
  Expenses:Home:Rent                              2400.00 USD

2022-11-09 * "EDISON POWER" ""
  Assets:US:BofA:Checking                          -65.00 USD
  Expenses:Home:Electricity                         65.00 USD

2022-11-11 * "Transfering accumulated savings to other account"
  Assets:US:BofA:Checking                           -4500 USD
  Assets:US:ETrade:Cash                              4500 USD

2022-11-20 * "Verizon Wireless" ""
  Assets:US:BofA:Checking                          -62.86 USD
  Expenses:Home:Phone                               62.86 USD

2022-11-22 * "Wine-Tarner Cable" ""
  Assets:US:BofA:Checking                          -79.85 USD
  Expenses:Home:Internet                            79.85 USD

2022-11-23 balance Assets:US:BofA:Checking         252.90 USD

2022-12-04 * "BANK FEES" "Monthly bank fee"
  Assets:US:BofA:Checking                           -4.00 USD
  Expenses:Financial:Fees                            4.00 USD

2022-12-04 * "RiverBank Properties" "Paying the rent"
  Assets:US:BofA:Checking                        -2400.00 USD
  Expenses:Home:Rent                              2400.00 USD

2022-12-08 * "EDISON POWER" ""
  Assets:US:BofA:Checking                          -65.00 USD
  Expenses:Home:Electricity                         65.00 USD

2022-12-18 * "Verizon Wireless" ""
  Assets:US:BofA:Checking                          -62.28 USD
  Expenses:Home:Phone                               62.28 USD

2022-12-22 * "Wine-Tarner Cable" ""
  Assets:US:BofA:Checking                          -80.01 USD
  Expenses:Home:Internet                            80.01 USD

2022-12-23 balance Assets:US:BofA:Checking        4992.42 USD

2023-01-04 * "BANK FEES" "Monthly bank fee"
  Assets:US:BofA:Checking                           -4.00 USD
  Expenses:Financial:Fees                            4.00 USD

2023-01-06 * "RiverBank Properties" "Paying the rent"
  Assets:US:BofA:Checking                        -2400.00 USD
  Expenses:Home:Rent                              2400.00 USD

2023-01-08 * "EDISON POWER" ""
  Assets:US:BofA:Checking                          -65.00 USD
  Expenses:Home:Electricity                         65.00 USD

2023-01-16 balance Assets:US:BofA:Checking        3206.67 USD

2023-01-18 * "Verizon Wireless" ""
  Assets:US:BofA:Checking                          -63.30 USD
  Expenses:Home:Phone                               63.30 USD

2023-01-21 * "Wine-Tarner Cable" ""
  Assets:US:BofA:Checking                          -80.00 USD
  Expenses:Home:Internet                            80.00 USD

2023-02-04 * "BANK FEES" "Monthly bank fee"
  Assets:US:BofA:Checking                           -4.00 USD
  Expenses:Financial:Fees                            4.00 USD

2023-02-05 balance Assets:US:BofA:Checking        5760.57 USD

2023-02-05 * "RiverBank Properties" "Paying the rent"
  Assets:US:BofA:Checking                        -2400.00 USD
  Expenses:Home:Rent                              2400.00 USD

2023-02-08 * "EDISON POWER" ""
  Assets:US:BofA:Checking                          -65.00 USD
  Expenses:Home:Electricity                         65.00 USD

2023-02-19 * "Verizon Wireless" ""
  Assets:US:BofA:Checking                          -60.94 USD
  Expenses:Home:Phone                               60.94 USD

2023-02-23 * "Wine-Tarner Cable" ""
  Assets:US:BofA:Checking                          -80.04 USD
  Expenses:Home:Internet                            80.04 USD

2023-02-25 balance Assets:US:BofA:Checking        4206.97 USD

2023-03-03 * "RiverBank Properties" "Paying the rent"
  Assets:US:BofA:Checking                        -2400.00 USD
  Expenses:Home:Rent                              2400.00 USD

2023-03-04 * "BANK FEES" "Monthly bank fee"
  Assets:US:BofA:Checking                           -4.00 USD
  Expenses:Financial:Fees                            4.00 USD

2023-03-09 * "EDISON POWER" ""
  Assets:US:BofA:Checking                          -65.00 USD
  Expenses:Home:Electricity                         65.00 USD

2023-03-18 * "Verizon Wireless" ""
  Assets:US:BofA:Checking                          -49.94 USD
  Expenses:Home:Phone                               49.94 USD

2023-03-20 balance Assets:US:BofA:Checking        3800.10 USD

2023-03-21 * "Wine-Tarner Cable" ""
  Assets:US:BofA:Checking                          -79.91 USD
  Expenses:Home:Internet                            79.91 USD

2023-04-04 * "BANK FEES" "Monthly bank fee"
  Assets:US:BofA:Checking                           -4.00 USD
  Expenses:Financial:Fees                            4.00 USD

2023-04-04 * "RiverBank Properties" "Paying the rent"
  Assets:US:BofA:Checking                        -2400.00 USD
  Expenses:Home:Rent                              2400.00 USD

2023-04-09 * "EDISON POWER" ""
  Assets:US:BofA:Checking                          -65.00 USD
  Expenses:Home:Electricity                         65.00 USD

2023-04-10 balance Assets:US:BofA:Checking        1870.09 USD

2023-04-19 * "Verizon Wireless" ""
  Assets:US:BofA:Checking                          -65.27 USD
  Expenses:Home:Phone                               65.27 USD

2023-04-21 * "Wine-Tarner Cable" ""
  Assets:US:BofA:Checking                          -79.87 USD
  Expenses:Home:Internet                            79.87 USD

2023-04-30 balance Assets:US:BofA:Checking        3758.81 USD

2023-05-03 * "RiverBank Properties" "Paying the rent"
  Assets:US:BofA:Checking                        -2400.00 USD
  Expenses:Home:Rent                              2400.00 USD

2023-05-04 * "BANK FEES" "Monthly bank fee"
  Assets:US:BofA:Checking                           -4.00 USD
  Expenses:Financial:Fees                            4.00 USD

2023-05-08 * "EDISON POWER" ""
  Assets:US:BofA:Checking                          -65.00 USD
  Expenses:Home:Electricity                         65.00 USD

2023-05-20 * "Verizon Wireless" ""
  Assets:US:BofA:Checking                          -50.46 USD
  Expenses:Home:Phone                               50.46 USD

2023-05-21 * "Wine-Tarner Cable" ""
  Assets:US:BofA:Checking                          -79.96 USD
  Expenses:Home:Internet                            79.96 USD

2023-05-23 balance Assets:US:BofA:Checking        1923.90 USD

2023-06-04 * "BANK FEES" "Monthly bank fee"
  Assets:US:BofA:Checking                           -4.00 USD
  Expenses:Financial:Fees                            4.00 USD

2023-06-06 * "RiverBank Properties" "Paying the rent"
  Assets:US:BofA:Checking                        -2400.00 USD
  Expenses:Home:Rent                              2400.00 USD

2023-06-09 * "EDISON POWER" ""
  Assets:US:BofA:Checking                          -65.00 USD
  Expenses:Home:Electricity                         65.00 USD

2023-06-19 balance Assets:US:BofA:Checking        1407.57 USD

2023-06-19 * "Verizon Wireless" ""
  Assets:US:BofA:Checking                          -60.33 USD
  Expenses:Home:Phone                               60.33 USD

2023-06-23 * "Wine-Tarner Cable" ""
  Assets:US:BofA:Checking                          -79.99 USD
  Expenses:Home:Internet                            79.99 USD

2023-07-04 * "BANK FEES" "Monthly bank fee"
  Assets:US:BofA:Checking                           -4.00 USD
  Expenses:Financial:Fees                            4.00 USD

2023-07-04 * "RiverBank Properties" "Paying the rent"
  Assets:US:BofA:Checking                        -2400.00 USD
  Expenses:Home:Rent                              2400.00 USD

2023-07-08 * "EDISON POWER" ""
  Assets:US:BofA:Checking                          -65.00 USD
  Expenses:Home:Electricity                         65.00 USD

2023-07-19 balance Assets:US:BofA:Checking         854.61 USD

2023-07-19 * "Verizon Wireless" ""
  Assets:US:BofA:Checking                          -64.43 USD
  Expenses:Home:Phone                               64.43 USD

2023-07-23 * "Wine-Tarner Cable" ""
  Assets:US:BofA:Checking                          -80.09 USD
  Expenses:Home:Internet                            80.09 USD

2023-08-04 * "BANK FEES" "Monthly bank fee"
  Assets:US:BofA:Checking                           -4.00 USD
  Expenses:Financial:Fees                            4.00 USD

2023-08-04 * "RiverBank Properties" "Paying the rent"
  Assets:US:BofA:Checking                        -2400.00 USD
  Expenses:Home:Rent                              2400.00 USD

2023-08-08 * "EDISON POWER" ""
  Assets:US:BofA:Checking                          -65.00 USD
  Expenses:Home:Electricity                         65.00 USD

2023-08-09 balance Assets:US:BofA:Checking         991.27 USD

2023-08-19 * "Verizon Wireless" ""
  Assets:US:BofA:Checking                          -71.53 USD
  Expenses:Home:Phone                               71.53 USD

2023-08-21 * "Wine-Tarner Cable" ""
  Assets:US:BofA:Checking                          -80.10 USD
  Expenses:Home:Internet                            80.10 USD

2023-08-30 balance Assets:US:BofA:Checking        3390.24 USD

2023-09-03 * "RiverBank Properties" "Paying the rent"
  Assets:US:BofA:Checking                        -2400.00 USD
  Expenses:Home:Rent                              2400.00 USD

2023-09-04 * "BANK FEES" "Monthly bank fee"
  Assets:US:BofA:Checking                           -4.00 USD
  Expenses:Financial:Fees                            4.00 USD

2023-09-08 * "EDISON POWER" ""
  Assets:US:BofA:Checking                          -65.00 USD
  Expenses:Home:Electricity                         65.00 USD

2023-09-15 * "Transfering accumulated savings to other account"
  Assets:US:BofA:Checking                           -4000 USD
  Assets:US:ETrade:Cash                              4000 USD

2023-09-19 * "Verizon Wireless" ""
  Assets:US:BofA:Checking                          -62.94 USD
  Expenses:Home:Phone                               62.94 USD

2023-09-23 * "Wine-Tarner Cable" ""
  Assets:US:BofA:Checking                          -79.62 USD
  Expenses:Home:Internet                            79.62 USD

2023-09-29 balance Assets:US:BofA:Checking        3782.93 USD

2023-10-04 * "BANK FEES" "Monthly bank fee"
  Assets:US:BofA:Checking                           -4.00 USD
  Expenses:Financial:Fees                            4.00 USD

2023-10-04 * "RiverBank Properties" "Paying the rent"
  Assets:US:BofA:Checking                        -2400.00 USD
  Expenses:Home:Rent                              2400.00 USD

2023-10-08 * "EDISON POWER" ""
  Assets:US:BofA:Checking                          -65.00 USD
  Expenses:Home:Electricity                         65.00 USD

2023-10-19 * "Verizon Wireless" ""
  Assets:US:BofA:Checking                          -70.11 USD
  Expenses:Home:Phone                               70.11 USD

2023-10-21 * "Wine-Tarner Cable" ""
  Assets:US:BofA:Checking                          -80.01 USD
  Expenses:Home:Internet                            80.01 USD

2023-10-29 balance Assets:US:BofA:Checking        5552.59 USD

2023-11-03 * "RiverBank Properties" "Paying the rent"
  Assets:US:BofA:Checking                        -2400.00 USD
  Expenses:Home:Rent                              2400.00 USD

2023-11-04 * "BANK FEES" "Monthly bank fee"
  Assets:US:BofA:Checking                           -4.00 USD
  Expenses:Financial:Fees                            4.00 USD

2023-11-08 * "EDISON POWER" ""
  Assets:US:BofA:Checking                          -65.00 USD
  Expenses:Home:Electricity                         65.00 USD

2023-11-10 * "Transfering accumulated savings to other account"
  Assets:US:BofA:Checking                           -4500 USD
  Assets:US:ETrade:Cash                              4500 USD

2023-11-18 * "Verizon Wireless" ""
  Assets:US:BofA:Checking                          -63.33 USD
  Expenses:Home:Phone                               63.33 USD

2023-11-21 * "Wine-Tarner Cable" ""
  Assets:US:BofA:Checking                          -80.00 USD
  Expenses:Home:Internet                            80.00 USD

2023-11-24 balance Assets:US:BofA:Checking        2782.77 USD

2023-12-04 * "BANK FEES" "Monthly bank fee"
  Assets:US:BofA:Checking                           -4.00 USD
  Expenses:Financial:Fees                            4.00 USD

2023-12-05 * "RiverBank Properties" "Paying the rent"
  Assets:US:BofA:Checking                        -2400.00 USD
  Expenses:Home:Rent                              2400.00 USD

2023-12-09 * "EDISON POWER" ""
  Assets:US:BofA:Checking                          -65.00 USD
  Expenses:Home:Electricity                         65.00 USD

2023-12-18 * "Verizon Wireless" ""
  Assets:US:BofA:Checking                          -60.02 USD
  Expenses:Home:Phone                               60.02 USD

2023-12-20 balance Assets:US:BofA:Checking        2323.55 USD

2023-12-22 * "Wine-Tarner Cable" ""
  Assets:US:BofA:Checking                          -79.94 USD
  Expenses:Home:Internet                            79.94 USD

2023-12-22 * "Transfering accumulated savings to other account"
  Assets:US:BofA:Checking                           -3000 USD
  Assets:US:ETrade:Cash                              3000 USD

2024-01-04 * "BANK FEES" "Monthly bank fee"
  Assets:US:BofA:Checking                           -4.00 USD
  Expenses:Financial:Fees                            4.00 USD

2024-01-06 * "RiverBank Properties" "Paying the rent"
  Assets:US:BofA:Checking                        -2400.00 USD
  Expenses:Home:Rent                              2400.00 USD

2024-01-08 * "EDISON POWER" ""
  Assets:US:BofA:Checking                          -65.00 USD
  Expenses:Home:Electricity                         65.00 USD

2024-01-15 balance Assets:US:BofA:Checking         280.88 USD

2024-01-19 * "Verizon Wireless" ""
  Assets:US:BofA:Checking                          -43.20 USD
  Expenses:Home:Phone                               43.20 USD

2024-01-23 * "Wine-Tarner Cable" ""
  Assets:US:BofA:Checking                          -79.94 USD
  Expenses:Home:Internet                            79.94 USD

2024-02-04 * "BANK FEES" "Monthly bank fee"
  Assets:US:BofA:Checking                           -4.00 USD
  Expenses:Financial:Fees                            4.00 USD



* Credit-Cards

1980-05-12 open Liabilities:US:Chase:Slate                      USD

2022-01-02 * "Rose Flower" "Eating out with Julie"
  Liabilities:US:Chase:Slate                       -33.52 USD
  Expenses:Food:Restaurant                          33.52 USD

2022-01-06 * "Chichipotle" "Eating out "
  Liabilities:US:Chase:Slate                       -34.35 USD
  Expenses:Food:Restaurant                          34.35 USD

2022-01-09 * "Goba Goba" "Eating out with Bill"
  Liabilities:US:Chase:Slate                       -39.07 USD
  Expenses:Food:Restaurant                          39.07 USD

2022-01-09 * "Farmer Fresh" "Buying groceries"
  Liabilities:US:Chase:Slate                       -62.16 USD
  Expenses:Food:Groceries                           62.16 USD

2022-01-10 * "Chase:Slate" "Paying off credit card"
  Liabilities:US:Chase:Slate                       234.22 USD
  Assets:US:BofA:Checking                         -234.22 USD

2022-01-11 * "Jewel of Morroco" "Eating out "
  Liabilities:US:Chase:Slate                       -65.12 USD
  Expenses:Food:Restaurant                          65.12 USD

2022-01-14 * "Chichipotle" "Eating out alone"
  Liabilities:US:Chase:Slate                       -34.29 USD
  Expenses:Food:Restaurant                          34.29 USD

2022-01-14 * "Corner Deli" "Buying groceries"
  Liabilities:US:Chase:Slate                       -83.68 USD
  Expenses:Food:Groceries                           83.68 USD

2022-01-16 * "Chichipotle" "Eating out "
  Liabilities:US:Chase:Slate                       -30.68 USD
  Expenses:Food:Restaurant                          30.68 USD

2022-01-20 * "Rose Flower" "Eating out alone"
  Liabilities:US:Chase:Slate                       -30.35 USD
  Expenses:Food:Restaurant                          30.35 USD

2022-01-22 * "Farmer Fresh" "Buying groceries"
  Liabilities:US:Chase:Slate                       -80.32 USD
  Expenses:Food:Groceries                           80.32 USD

2022-01-23 * "China Garden" "Eating out alone"
  Liabilities:US:Chase:Slate                       -25.35 USD
  Expenses:Food:Restaurant                          25.35 USD

2022-01-25 balance Liabilities:US:Chase:Slate     -284.67 USD

2022-01-28 * "China Garden" "Eating out "
  Liabilities:US:Chase:Slate                       -49.88 USD
  Expenses:Food:Restaurant                          49.88 USD

2022-01-28 * "Good Moods Market" "Buying groceries"
  Liabilities:US:Chase:Slate                       -69.16 USD
  Expenses:Food:Groceries                           69.16 USD

2022-01-30 * "Jewel of Morroco" "Eating out with Joe"
  Liabilities:US:Chase:Slate                       -47.28 USD
  Expenses:Food:Restaurant                          47.28 USD

2022-02-02 * "Metro Transport Authority" "Tram tickets"
  Liabilities:US:Chase:Slate                      -120.00 USD
  Expenses:Transport:Tram                          120.00 USD

2022-02-04 * "Jewel of Morroco" "Eating out after work"
  Liabilities:US:Chase:Slate                       -12.91 USD
  Expenses:Food:Restaurant                          12.91 USD

2022-02-05 * "Goba Goba" "Eating out "
  Liabilities:US:Chase:Slate                       -19.38 USD
  Expenses:Food:Restaurant                          19.38 USD

2022-02-06 * "Rose Flower" "Eating out alone"
  Liabilities:US:Chase:Slate                       -15.83 USD
  Expenses:Food:Restaurant                          15.83 USD

2022-02-06 * "Good Moods Market" "Buying groceries"
  Liabilities:US:Chase:Slate                       -72.94 USD
  Expenses:Food:Groceries                           72.94 USD

2022-02-07 * "Chase:Slate" "Paying off credit card"
  Liabilities:US:Chase:Slate                       709.86 USD
  Assets:US:BofA:Checking                         -709.86 USD

2022-02-09 * "Goba Goba" "Eating out alone"
  Liabilities:US:Chase:Slate                       -17.81 USD
  Expenses:Food:Restaurant                          17.81 USD

2022-02-14 * "Chichipotle" "Eating out alone"
  Liabilities:US:Chase:Slate                       -39.42 USD
  Expenses:Food:Restaurant                          39.42 USD

2022-02-16 * "Jewel of Morroco" "Eating out with Natasha"
  Liabilities:US:Chase:Slate                       -63.80 USD
  Expenses:Food:Restaurant                          63.80 USD

2022-02-18 balance Liabilities:US:Chase:Slate     -103.22 USD

2022-02-18 * "Chichipotle" "Eating out with work buddies"
  Liabilities:US:Chase:Slate                       -35.58 USD
  Expenses:Food:Restaurant                          35.58 USD

2022-02-19 * "Cafe Modagor" "Eating out with Bill"
  Liabilities:US:Chase:Slate                       -41.02 USD
  Expenses:Food:Restaurant                          41.02 USD

2022-02-20 * "Onion Market" "Buying groceries"
  Liabilities:US:Chase:Slate                       -72.77 USD
  Expenses:Food:Groceries                           72.77 USD

2022-02-24 * "China Garden" "Eating out with Natasha"
  Liabilities:US:Chase:Slate                       -32.06 USD
  Expenses:Food:Restaurant                          32.06 USD

2022-03-01 * "Jewel of Morroco" "Eating out with Joe"
  Liabilities:US:Chase:Slate                       -38.94 USD
  Expenses:Food:Restaurant                          38.94 USD

2022-03-03 * "Metro Transport Authority" "Tram tickets"
  Liabilities:US:Chase:Slate                      -120.00 USD
  Expenses:Transport:Tram                          120.00 USD

2022-03-06 * "Goba Goba" "Eating out with Julie"
  Liabilities:US:Chase:Slate                       -26.67 USD
  Expenses:Food:Restaurant                          26.67 USD

2022-03-10 * "Rose Flower" "Eating out with Joe"
  Liabilities:US:Chase:Slate                       -28.32 USD
  Expenses:Food:Restaurant                          28.32 USD

2022-03-11 balance Liabilities:US:Chase:Slate     -498.58 USD

2022-03-11 * "Cafe Modagor" "Eating out with Bill"
  Liabilities:US:Chase:Slate                       -25.56 USD
  Expenses:Food:Restaurant                          25.56 USD

2022-03-11 * "Chase:Slate" "Paying off credit card"
  Liabilities:US:Chase:Slate                       524.14 USD
  Assets:US:BofA:Checking                         -524.14 USD

2022-03-12 * "China Garden" "Eating out after work"
  Liabilities:US:Chase:Slate                       -25.27 USD
  Expenses:Food:Restaurant                          25.27 USD

2022-03-12 * "Corner Deli" "Buying groceries"
  Liabilities:US:Chase:Slate                       -46.00 USD
  Expenses:Food:Groceries                           46.00 USD

2022-03-13 * "Jewel of Morroco" "Eating out with Joe"
  Liabilities:US:Chase:Slate                       -34.58 USD
  Expenses:Food:Restaurant                          34.58 USD

2022-03-14 * "Uncle Boons" "Eating out with Bill"
  Liabilities:US:Chase:Slate                       -24.23 USD
  Expenses:Food:Restaurant                          24.23 USD

2022-03-16 * "Cafe Modagor" "Eating out alone"
  Liabilities:US:Chase:Slate                       -15.78 USD
  Expenses:Food:Restaurant                          15.78 USD

2022-03-18 * "Rose Flower" "Eating out "
  Liabilities:US:Chase:Slate                       -14.53 USD
  Expenses:Food:Restaurant                          14.53 USD

2022-03-22 * "Chichipotle" "Eating out alone"
  Liabilities:US:Chase:Slate                       -32.14 USD
  Expenses:Food:Restaurant                          32.14 USD

2022-03-27 * "Jewel of Morroco" "Eating out "
  Liabilities:US:Chase:Slate                       -36.15 USD
  Expenses:Food:Restaurant                          36.15 USD

2022-03-29 * "Chichipotle" "Eating out with Joe"
  Liabilities:US:Chase:Slate                       -63.76 USD
  Expenses:Food:Restaurant                          63.76 USD

2022-03-30 * "Cafe Modagor" "Eating out alone"
  Liabilities:US:Chase:Slate                       -21.57 USD
  Expenses:Food:Restaurant                          21.57 USD

2022-03-30 * "Good Moods Market" "Buying groceries"
  Liabilities:US:Chase:Slate                       -83.27 USD
  Expenses:Food:Groceries                           83.27 USD

2022-03-31 * "Kin Soy" "Eating out "
  Liabilities:US:Chase:Slate                       -27.58 USD
  Expenses:Food:Restaurant                          27.58 USD

2022-04-03 * "Jewel of Morroco" "Eating out with work buddies"
  Liabilities:US:Chase:Slate                       -23.45 USD
  Expenses:Food:Restaurant                          23.45 USD

2022-04-05 * "Metro Transport Authority" "Tram tickets"
  Liabilities:US:Chase:Slate                      -120.00 USD
  Expenses:Transport:Tram                          120.00 USD

2022-04-07 * "Chase:Slate" "Paying off credit card"
  Liabilities:US:Chase:Slate                       591.37 USD
  Assets:US:BofA:Checking                         -591.37 USD

2022-04-08 balance Liabilities:US:Chase:Slate       23.06 USD

2022-04-08 * "Goba Goba" "Eating out with Joe"
  Liabilities:US:Chase:Slate                       -23.06 USD
  Expenses:Food:Restaurant                          23.06 USD

2022-04-13 * "Uncle Boons" "Eating out with Natasha"
  Liabilities:US:Chase:Slate                       -30.25 USD
  Expenses:Food:Restaurant                          30.25 USD

2022-04-16 * "Chichipotle" "Eating out "
  Liabilities:US:Chase:Slate                       -20.66 USD
  Expenses:Food:Restaurant                          20.66 USD

2022-04-17 * "Good Moods Market" "Buying groceries"
  Liabilities:US:Chase:Slate                       -57.17 USD
  Expenses:Food:Groceries                           57.17 USD

2022-04-20 * "Chichipotle" "Eating out with Joe"
  Liabilities:US:Chase:Slate                       -22.68 USD
  Expenses:Food:Restaurant                          22.68 USD

2022-04-22 * "Jewel of Morroco" "Eating out after work"
  Liabilities:US:Chase:Slate                       -28.43 USD
  Expenses:Food:Restaurant                          28.43 USD

2022-04-25 * "China Garden" "Eating out with Julie"
  Liabilities:US:Chase:Slate                       -26.04 USD
  Expenses:Food:Restaurant                          26.04 USD

2022-04-25 * "Farmer Fresh" "Buying groceries"
  Liabilities:US:Chase:Slate                       -46.80 USD
  Expenses:Food:Groceries                           46.80 USD

2022-04-26 * "Cafe Modagor" "Eating out with Julie"
  Liabilities:US:Chase:Slate                       -20.89 USD
  Expenses:Food:Restaurant                          20.89 USD

2022-04-28 * "China Garden" "Eating out with Joe"
  Liabilities:US:Chase:Slate                       -33.82 USD
  Expenses:Food:Restaurant                          33.82 USD

2022-04-30 balance Liabilities:US:Chase:Slate     -286.74 USD

2022-05-03 * "Uncle Boons" "Eating out with Julie"
  Liabilities:US:Chase:Slate                       -36.31 USD
  Expenses:Food:Restaurant                          36.31 USD

2022-05-06 * "Rose Flower" "Eating out with Bill"
  Liabilities:US:Chase:Slate                       -21.50 USD
  Expenses:Food:Restaurant                          21.50 USD

2022-05-08 * "Metro Transport Authority" "Tram tickets"
  Liabilities:US:Chase:Slate                      -120.00 USD
  Expenses:Transport:Tram                          120.00 USD

2022-05-10 * "Cafe Modagor" "Eating out with Joe"
  Liabilities:US:Chase:Slate                       -32.65 USD
  Expenses:Food:Restaurant                          32.65 USD

2022-05-11 * "China Garden" "Eating out after work"
  Liabilities:US:Chase:Slate                       -28.53 USD
  Expenses:Food:Restaurant                          28.53 USD

2022-05-11 * "Chase:Slate" "Paying off credit card"
  Liabilities:US:Chase:Slate                       525.73 USD
  Assets:US:BofA:Checking                         -525.73 USD

2022-05-13 * "Good Moods Market" "Buying groceries"
  Liabilities:US:Chase:Slate                       -80.95 USD
  Expenses:Food:Groceries                           80.95 USD

2022-05-14 * "Rose Flower" "Eating out with Joe"
  Liabilities:US:Chase:Slate                       -18.82 USD
  Expenses:Food:Restaurant                          18.82 USD

2022-05-15 * "Jewel of Morroco" "Eating out after work"
  Liabilities:US:Chase:Slate                       -17.81 USD
  Expenses:Food:Restaurant                          17.81 USD

2022-05-18 * "Uncle Boons" "Eating out with Natasha"
  Liabilities:US:Chase:Slate                       -19.74 USD
  Expenses:Food:Restaurant                          19.74 USD

2022-05-20 * "Chichipotle" "Eating out "
  Liabilities:US:Chase:Slate                       -54.12 USD
  Expenses:Food:Restaurant                          54.12 USD

2022-05-22 balance Liabilities:US:Chase:Slate     -191.44 USD

2022-05-22 * "Uncle Boons" "Eating out with work buddies"
  Liabilities:US:Chase:Slate                       -24.51 USD
  Expenses:Food:Restaurant                          24.51 USD

2022-05-27 * "China Garden" "Eating out "
  Liabilities:US:Chase:Slate                       -29.15 USD
  Expenses:Food:Restaurant                          29.15 USD

2022-05-30 * "Uncle Boons" "Eating out with Bill"
  Liabilities:US:Chase:Slate                       -25.82 USD
  Expenses:Food:Restaurant                          25.82 USD

2022-05-30 * "Corner Deli" "Buying groceries"
  Liabilities:US:Chase:Slate                       -62.72 USD
  Expenses:Food:Groceries                           62.72 USD

2022-05-31 * "Chichipotle" "Eating out with Natasha"
  Liabilities:US:Chase:Slate                       -18.47 USD
  Expenses:Food:Restaurant                          18.47 USD

2022-06-03 * "Kin Soy" "Eating out with Julie"
  Liabilities:US:Chase:Slate                       -34.23 USD
  Expenses:Food:Restaurant                          34.23 USD

2022-06-04 event "location" "Boston"

2022-06-05 * "Giacomo's Restaurant" "" #trip-boston-2022
  Liabilities:US:Chase:Slate                       -41.71 USD
  Expenses:Food:Restaurant                          41.71 USD

2022-06-07 * "Starbucks" "" #trip-boston-2022
  Liabilities:US:Chase:Slate                        -5.88 USD
  Expenses:Food:Coffee                               5.88 USD

2022-06-07 * "Chase:Slate" "Paying off credit card"
  Liabilities:US:Chase:Slate                       412.05 USD
  Assets:US:BofA:Checking                         -412.05 USD

2022-06-08 * "Franklin Cafe" "" #trip-boston-2022
  Liabilities:US:Chase:Slate                       -29.82 USD
  Expenses:Food:Restaurant                          29.82 USD

2022-06-09 * "Starbucks" "" #trip-boston-2022
  Liabilities:US:Chase:Slate                        -6.15 USD
  Expenses:Food:Coffee                               6.15 USD

2022-06-10 * "Legal Seafood" "" #trip-boston-2022
  Liabilities:US:Chase:Slate                       -41.58 USD
  Expenses:Food:Restaurant                          41.58 USD

2022-06-13 * "Franklin Cafe" "" #trip-boston-2022
  Liabilities:US:Chase:Slate                       -26.79 USD
  Expenses:Food:Restaurant                          26.79 USD

2022-06-13 * "Starbucks" "" #trip-boston-2022
  Liabilities:US:Chase:Slate                        -6.01 USD
  Expenses:Food:Coffee                               6.01 USD

2022-06-16 * "Starbucks" "" #trip-boston-2022
  Liabilities:US:Chase:Slate                        -6.59 USD
  Expenses:Food:Coffee                               6.59 USD

2022-06-17 * "Giacomo's Restaurant" "" #trip-boston-2022
  Liabilities:US:Chase:Slate                       -33.65 USD
  Expenses:Food:Restaurant                          33.65 USD

2022-06-17 * "Starbucks" "" #trip-boston-2022
  Liabilities:US:Chase:Slate                        -5.40 USD
  Expenses:Food:Coffee                               5.40 USD

2022-06-18 * "Giacomo's Restaurant" "" #trip-boston-2022
  Liabilities:US:Chase:Slate                       -41.87 USD
  Expenses:Food:Restaurant                          41.87 USD

2022-06-20 * "Giacomo's Restaurant" "" #trip-boston-2022
  Liabilities:US:Chase:Slate                       -40.03 USD
  Expenses:Food:Restaurant                          40.03 USD

2022-06-21 balance Liabilities:US:Chase:Slate     -259.77 USD

2022-06-21 * "Starbucks" "" #trip-boston-2022
  Liabilities:US:Chase:Slate                        -5.59 USD
  Expenses:Food:Coffee                               5.59 USD

2022-06-23 * "Giacomo's Restaurant" "" #trip-boston-2022
  Liabilities:US:Chase:Slate                       -42.08 USD
  Expenses:Food:Restaurant                          42.08 USD

2022-06-23 * "Franklin Cafe" "" #trip-boston-2022
  Liabilities:US:Chase:Slate                       -28.58 USD
  Expenses:Food:Restaurant                          28.58 USD

2022-06-24 * "Legal Seafood" "" #trip-boston-2022
  Liabilities:US:Chase:Slate                       -43.83 USD
  Expenses:Food:Restaurant                          43.83 USD

2022-06-24 * "Franklin Cafe" "" #trip-boston-2022
  Liabilities:US:Chase:Slate                       -35.72 USD
  Expenses:Food:Restaurant                          35.72 USD

2022-06-24 * "Starbucks" "" #trip-boston-2022
  Liabilities:US:Chase:Slate                        -5.74 USD
  Expenses:Food:Coffee                               5.74 USD

2022-06-24 * "Consume vacation days"
  Assets:US:BayBook:Vacation                         -160 VACHR
  Expenses:Vacation                                   160 VACHR

2022-06-24 event "location" "New Metropolis"

2022-06-25 * "Goba Goba" "Eating out with Joe"
  Liabilities:US:Chase:Slate                       -25.71 USD
  Expenses:Food:Restaurant                          25.71 USD

2022-06-30 * "Uncle Boons" "Eating out with Bill"
  Liabilities:US:Chase:Slate                       -57.45 USD
  Expenses:Food:Restaurant                          57.45 USD

2022-07-04 * "Metro Transport Authority" "Tram tickets"
  Liabilities:US:Chase:Slate                      -120.00 USD
  Expenses:Transport:Tram                          120.00 USD

2022-07-05 * "Rose Flower" "Eating out after work"
  Liabilities:US:Chase:Slate                       -18.73 USD
  Expenses:Food:Restaurant                          18.73 USD

2022-07-06 * "Goba Goba" "Eating out "
  Liabilities:US:Chase:Slate                       -23.51 USD
  Expenses:Food:Restaurant                          23.51 USD

2022-07-06 * "Good Moods Market" "Buying groceries"
  Liabilities:US:Chase:Slate                       -72.58 USD
  Expenses:Food:Groceries                           72.58 USD

2022-07-09 * "Chase:Slate" "Paying off credit card"
  Liabilities:US:Chase:Slate                       326.22 USD
  Assets:US:BofA:Checking                         -326.22 USD

2022-07-11 * "Chichipotle" "Eating out after work"
  Liabilities:US:Chase:Slate                       -33.95 USD
  Expenses:Food:Restaurant                          33.95 USD

2022-07-12 * "Cafe Modagor" "Eating out alone"
  Liabilities:US:Chase:Slate                       -22.33 USD
  Expenses:Food:Restaurant                          22.33 USD

2022-07-15 * "Good Moods Market" "Buying groceries"
  Liabilities:US:Chase:Slate                       -84.33 USD
  Expenses:Food:Groceries                           84.33 USD

2022-07-16 * "China Garden" "Eating out with Joe"
  Liabilities:US:Chase:Slate                       -31.77 USD
  Expenses:Food:Restaurant                          31.77 USD

2022-07-17 balance Liabilities:US:Chase:Slate     -585.45 USD

2022-07-21 * "Chichipotle" "Eating out with Joe"
  Liabilities:US:Chase:Slate                       -35.36 USD
  Expenses:Food:Restaurant                          35.36 USD

2022-07-24 * "Uncle Boons" "Eating out with Joe"
  Liabilities:US:Chase:Slate                       -16.73 USD
  Expenses:Food:Restaurant                          16.73 USD

2022-07-25 * "China Garden" "Eating out with Natasha"
  Liabilities:US:Chase:Slate                       -48.84 USD
  Expenses:Food:Restaurant                          48.84 USD

2022-07-27 * "Kin Soy" "Eating out after work"
  Liabilities:US:Chase:Slate                       -40.72 USD
  Expenses:Food:Restaurant                          40.72 USD

2022-07-31 * "Uncle Boons" "Eating out with Julie"
  Liabilities:US:Chase:Slate                       -24.29 USD
  Expenses:Food:Restaurant                          24.29 USD

2022-07-31 * "Corner Deli" "Buying groceries"
  Liabilities:US:Chase:Slate                       -53.50 USD
  Expenses:Food:Groceries                           53.50 USD

2022-07-31 * "Metro Transport Authority" "Tram tickets"
  Liabilities:US:Chase:Slate                      -120.00 USD
  Expenses:Transport:Tram                          120.00 USD

2022-08-03 * "Jewel of Morroco" "Eating out alone"
  Liabilities:US:Chase:Slate                       -24.12 USD
  Expenses:Food:Restaurant                          24.12 USD

2022-08-04 * "Cafe Modagor" "Eating out with work buddies"
  Liabilities:US:Chase:Slate                       -51.74 USD
  Expenses:Food:Restaurant                          51.74 USD

2022-08-05 * "Uncle Boons" "Eating out with Julie"
  Liabilities:US:Chase:Slate                       -45.00 USD
  Expenses:Food:Restaurant                          45.00 USD

2022-08-05 * "Good Moods Market" "Buying groceries"
  Liabilities:US:Chase:Slate                       -57.62 USD
  Expenses:Food:Groceries                           57.62 USD

2022-08-08 * "Cafe Modagor" "Eating out with work buddies"
  Liabilities:US:Chase:Slate                       -27.13 USD
  Expenses:Food:Restaurant                          27.13 USD

2022-08-10 * "Farmer Fresh" "Buying groceries"
  Liabilities:US:Chase:Slate                       -98.20 USD
  Expenses:Food:Groceries                           98.20 USD

2022-08-10 * "Chase:Slate" "Paying off credit card"
  Liabilities:US:Chase:Slate                       781.68 USD
  Assets:US:BofA:Checking                         -781.68 USD

2022-08-13 * "Cafe Modagor" "Eating out with work buddies"
  Liabilities:US:Chase:Slate                       -41.16 USD
  Expenses:Food:Restaurant                          41.16 USD

2022-08-14 balance Liabilities:US:Chase:Slate     -488.18 USD

2022-08-17 * "Onion Market" "Buying groceries"
  Liabilities:US:Chase:Slate                       -85.62 USD
  Expenses:Food:Groceries                           85.62 USD

2022-08-18 * "Goba Goba" "Eating out alone"
  Liabilities:US:Chase:Slate                       -27.09 USD
  Expenses:Food:Restaurant                          27.09 USD

2022-08-19 * "Kin Soy" "Eating out with Natasha"
  Liabilities:US:Chase:Slate                       -53.36 USD
  Expenses:Food:Restaurant                          53.36 USD

2022-08-22 * "Jewel of Morroco" "Eating out with Julie"
  Liabilities:US:Chase:Slate                       -31.40 USD
  Expenses:Food:Restaurant                          31.40 USD

2022-08-24 * "Kin Soy" "Eating out with work buddies"
  Liabilities:US:Chase:Slate                       -24.39 USD
  Expenses:Food:Restaurant                          24.39 USD

2022-08-25 * "Rose Flower" "Eating out with Bill"
  Liabilities:US:Chase:Slate                       -61.84 USD
  Expenses:Food:Restaurant                          61.84 USD

2022-08-28 * "Rose Flower" "Eating out "
  Liabilities:US:Chase:Slate                       -24.72 USD
  Expenses:Food:Restaurant                          24.72 USD

2022-08-30 * "Good Moods Market" "Buying groceries"
  Liabilities:US:Chase:Slate                      -141.54 USD
  Expenses:Food:Groceries                          141.54 USD

2022-08-31 * "Cafe Modagor" "Eating out with Joe"
  Liabilities:US:Chase:Slate                       -27.02 USD
  Expenses:Food:Restaurant                          27.02 USD

2022-09-01 * "Rose Flower" "Eating out with Joe"
  Liabilities:US:Chase:Slate                       -27.34 USD
  Expenses:Food:Restaurant                          27.34 USD

2022-09-01 * "Metro Transport Authority" "Tram tickets"
  Liabilities:US:Chase:Slate                      -120.00 USD
  Expenses:Transport:Tram                          120.00 USD

2022-09-04 * "Kin Soy" "Eating out with Bill"
  Liabilities:US:Chase:Slate                       -23.97 USD
  Expenses:Food:Restaurant                          23.97 USD

2022-09-05 balance Liabilities:US:Chase:Slate    -1136.47 USD

2022-09-08 * "Goba Goba" "Eating out with Bill"
  Liabilities:US:Chase:Slate                       -23.08 USD
  Expenses:Food:Restaurant                          23.08 USD

2022-09-09 * "Chase:Slate" "Paying off credit card"
  Liabilities:US:Chase:Slate                       746.08 USD
  Assets:US:BofA:Checking                         -746.08 USD

2022-09-11 * "Jewel of Morroco" "Eating out after work"
  Liabilities:US:Chase:Slate                       -33.55 USD
  Expenses:Food:Restaurant                          33.55 USD

2022-09-13 * "Farmer Fresh" "Buying groceries"
  Liabilities:US:Chase:Slate                       -93.05 USD
  Expenses:Food:Groceries                           93.05 USD

2022-09-14 * "Rose Flower" "Eating out with Bill"
  Liabilities:US:Chase:Slate                       -39.73 USD
  Expenses:Food:Restaurant                          39.73 USD

2022-09-18 * "Cafe Modagor" "Eating out after work"
  Liabilities:US:Chase:Slate                       -20.60 USD
  Expenses:Food:Restaurant                          20.60 USD

2022-09-21 * "Uncle Boons" "Eating out with Joe"
  Liabilities:US:Chase:Slate                       -30.76 USD
  Expenses:Food:Restaurant                          30.76 USD

2022-09-22 * "China Garden" "Eating out with Bill"
  Liabilities:US:Chase:Slate                       -37.51 USD
  Expenses:Food:Restaurant                          37.51 USD

2022-09-24 * "Cafe Modagor" "Eating out with Natasha"
  Liabilities:US:Chase:Slate                       -27.48 USD
  Expenses:Food:Restaurant                          27.48 USD

2022-09-29 balance Liabilities:US:Chase:Slate     -696.15 USD

2022-09-29 * "Kin Soy" "Eating out "
  Liabilities:US:Chase:Slate                       -25.14 USD
  Expenses:Food:Restaurant                          25.14 USD

2022-09-30 * "Good Moods Market" "Buying groceries"
  Liabilities:US:Chase:Slate                       -86.69 USD
  Expenses:Food:Groceries                           86.69 USD

2022-10-02 * "China Garden" "Eating out with Bill"
  Liabilities:US:Chase:Slate                       -30.37 USD
  Expenses:Food:Restaurant                          30.37 USD

2022-10-02 * "Metro Transport Authority" "Tram tickets"
  Liabilities:US:Chase:Slate                      -120.00 USD
  Expenses:Transport:Tram                          120.00 USD

2022-10-04 * "Kin Soy" "Eating out with Bill"
  Liabilities:US:Chase:Slate                       -39.33 USD
  Expenses:Food:Restaurant                          39.33 USD

2022-10-05 * "Goba Goba" "Eating out with work buddies"
  Liabilities:US:Chase:Slate                       -13.53 USD
  Expenses:Food:Restaurant                          13.53 USD

2022-10-07 * "Good Moods Market" "Buying groceries"
  Liabilities:US:Chase:Slate                      -112.83 USD
  Expenses:Food:Groceries                          112.83 USD

2022-10-08 * "Chase:Slate" "Paying off credit card"
  Liabilities:US:Chase:Slate                       688.40 USD
  Assets:US:BofA:Checking                         -688.40 USD

2022-10-09 * "Chichipotle" "Eating out with Natasha"
  Liabilities:US:Chase:Slate                       -11.38 USD
  Expenses:Food:Restaurant                          11.38 USD

2022-10-12 * "China Garden" "Eating out alone"
  Liabilities:US:Chase:Slate                       -23.52 USD
  Expenses:Food:Restaurant                          23.52 USD

2022-10-14 * "Cafe Modagor" "Eating out after work"
  Liabilities:US:Chase:Slate                       -22.52 USD
  Expenses:Food:Restaurant                          22.52 USD

2022-10-15 * "Uncle Boons" "Eating out with Natasha"
  Liabilities:US:Chase:Slate                       -14.36 USD
  Expenses:Food:Restaurant                          14.36 USD

2022-10-18 * "Goba Goba" "Eating out with Bill"
  Liabilities:US:Chase:Slate                       -22.71 USD
  Expenses:Food:Restaurant                          22.71 USD

2022-10-21 * "China Garden" "Eating out with Julie"
  Liabilities:US:Chase:Slate                       -23.75 USD
  Expenses:Food:Restaurant                          23.75 USD

2022-10-22 * "Kin Soy" "Eating out with Bill"
  Liabilities:US:Chase:Slate                       -17.23 USD
  Expenses:Food:Restaurant                          17.23 USD

2022-10-23 * "Onion Market" "Buying groceries"
  Liabilities:US:Chase:Slate                       -74.05 USD
  Expenses:Food:Groceries                           74.05 USD

2022-10-25 * "Uncle Boons" "Eating out with Natasha"
  Liabilities:US:Chase:Slate                       -33.83 USD
  Expenses:Food:Restaurant                          33.83 USD

2022-10-26 balance Liabilities:US:Chase:Slate     -678.99 USD

2022-10-27 * "Rose Flower" "Eating out with Natasha"
  Liabilities:US:Chase:Slate                       -33.81 USD
  Expenses:Food:Restaurant                          33.81 USD

2022-10-28 * "Good Moods Market" "Buying groceries"
  Liabilities:US:Chase:Slate                       -92.27 USD
  Expenses:Food:Groceries                           92.27 USD

2022-10-29 * "Chichipotle" "Eating out "
  Liabilities:US:Chase:Slate                       -54.46 USD
  Expenses:Food:Restaurant                          54.46 USD

2022-10-31 * "Jewel of Morroco" "Eating out with Bill"
  Liabilities:US:Chase:Slate                       -44.02 USD
  Expenses:Food:Restaurant                          44.02 USD

2022-11-02 * "Chichipotle" "Eating out with Julie"
  Liabilities:US:Chase:Slate                       -20.29 USD
  Expenses:Food:Restaurant                          20.29 USD

2022-11-03 * "Metro Transport Authority" "Tram tickets"
  Liabilities:US:Chase:Slate                      -120.00 USD
  Expenses:Transport:Tram                          120.00 USD

2022-11-05 * "Farmer Fresh" "Buying groceries"
  Liabilities:US:Chase:Slate                       -94.15 USD
  Expenses:Food:Groceries                           94.15 USD

2022-11-07 * "Uncle Boons" "Eating out with Natasha"
  Liabilities:US:Chase:Slate                       -18.66 USD
  Expenses:Food:Restaurant                          18.66 USD

2022-11-08 * "Chichipotle" "Eating out with Joe"
  Liabilities:US:Chase:Slate                       -28.78 USD
  Expenses:Food:Restaurant                          28.78 USD

2022-11-11 * "Kin Soy" "Eating out with Julie"
  Liabilities:US:Chase:Slate                       -31.93 USD
  Expenses:Food:Restaurant                          31.93 USD

2022-11-11 * "Chase:Slate" "Paying off credit card"
  Liabilities:US:Chase:Slate                       770.34 USD
  Assets:US:BofA:Checking                         -770.34 USD

2022-11-12 * "Kin Soy" "Eating out with work buddies"
  Liabilities:US:Chase:Slate                       -47.07 USD
  Expenses:Food:Restaurant                          47.07 USD

2022-11-15 * "Kin Soy" "Eating out alone"
  Liabilities:US:Chase:Slate                       -23.59 USD
  Expenses:Food:Restaurant                          23.59 USD

2022-11-19 * "Jewel of Morroco" "Eating out with work buddies"
  Liabilities:US:Chase:Slate                       -41.53 USD
  Expenses:Food:Restaurant                          41.53 USD

2022-11-20 balance Liabilities:US:Chase:Slate     -559.21 USD

2022-11-21 * "Jewel of Morroco" "Eating out with Bill"
  Liabilities:US:Chase:Slate                       -20.37 USD
  Expenses:Food:Restaurant                          20.37 USD

2022-11-22 * "Onion Market" "Buying groceries"
  Liabilities:US:Chase:Slate                       -66.96 USD
  Expenses:Food:Groceries                           66.96 USD

2022-11-23 * "China Garden" "Eating out "
  Liabilities:US:Chase:Slate                       -14.74 USD
  Expenses:Food:Restaurant                          14.74 USD

2022-11-26 * "Rose Flower" "Eating out "
  Liabilities:US:Chase:Slate                       -47.38 USD
  Expenses:Food:Restaurant                          47.38 USD

2022-11-27 * "Goba Goba" "Eating out alone"
  Liabilities:US:Chase:Slate                       -21.90 USD
  Expenses:Food:Restaurant                          21.90 USD

2022-11-29 * "Jewel of Morroco" "Eating out after work"
  Liabilities:US:Chase:Slate                       -19.79 USD
  Expenses:Food:Restaurant                          19.79 USD

2022-12-02 * "Kin Soy" "Eating out alone"
  Liabilities:US:Chase:Slate                       -25.30 USD
  Expenses:Food:Restaurant                          25.30 USD

2022-12-03 * "Uncle Boons" "Eating out with work buddies"
  Liabilities:US:Chase:Slate                       -27.37 USD
  Expenses:Food:Restaurant                          27.37 USD

2022-12-06 * "Goba Goba" "Eating out with Joe"
  Liabilities:US:Chase:Slate                       -22.32 USD
  Expenses:Food:Restaurant                          22.32 USD

2022-12-06 * "Metro Transport Authority" "Tram tickets"
  Liabilities:US:Chase:Slate                      -120.00 USD
  Expenses:Transport:Tram                          120.00 USD

2022-12-08 * "Onion Market" "Buying groceries"
  Liabilities:US:Chase:Slate                       -66.82 USD
  Expenses:Food:Groceries                           66.82 USD

2022-12-09 * "Kin Soy" "Eating out with Joe"
  Liabilities:US:Chase:Slate                       -31.85 USD
  Expenses:Food:Restaurant                          31.85 USD

2022-12-11 * "Chase:Slate" "Paying off credit card"
  Liabilities:US:Chase:Slate                       620.99 USD
  Assets:US:BofA:Checking                         -620.99 USD

2022-12-12 * "Rose Flower" "Eating out with Natasha"
  Liabilities:US:Chase:Slate                       -24.00 USD
  Expenses:Food:Restaurant                          24.00 USD

2022-12-13 balance Liabilities:US:Chase:Slate     -447.02 USD

2022-12-13 * "Kin Soy" "Eating out "
  Liabilities:US:Chase:Slate                       -28.41 USD
  Expenses:Food:Restaurant                          28.41 USD

2022-12-15 * "Rose Flower" "Eating out after work"
  Liabilities:US:Chase:Slate                       -39.48 USD
  Expenses:Food:Restaurant                          39.48 USD

2022-12-15 * "Farmer Fresh" "Buying groceries"
  Liabilities:US:Chase:Slate                       -77.58 USD
  Expenses:Food:Groceries                           77.58 USD

2022-12-19 * "China Garden" "Eating out with Julie"
  Liabilities:US:Chase:Slate                       -24.79 USD
  Expenses:Food:Restaurant                          24.79 USD

2022-12-20 * "Good Moods Market" "Buying groceries"
  Liabilities:US:Chase:Slate                       -79.26 USD
  Expenses:Food:Groceries                           79.26 USD

2022-12-21 * "Kin Soy" "Eating out with work buddies"
  Liabilities:US:Chase:Slate                       -38.28 USD
  Expenses:Food:Restaurant                          38.28 USD

2022-12-26 * "Jewel of Morroco" "Eating out with Bill"
  Liabilities:US:Chase:Slate                       -27.77 USD
  Expenses:Food:Restaurant                          27.77 USD

2022-12-27 * "Jewel of Morroco" "Eating out with Bill"
  Liabilities:US:Chase:Slate                       -31.74 USD
  Expenses:Food:Restaurant                          31.74 USD

2023-01-01 * "Chichipotle" "Eating out "
  Liabilities:US:Chase:Slate                       -44.43 USD
  Expenses:Food:Restaurant                          44.43 USD

2023-01-04 * "Kin Soy" "Eating out with Bill"
  Liabilities:US:Chase:Slate                       -22.16 USD
  Expenses:Food:Restaurant                          22.16 USD

2023-01-06 * "Cafe Modagor" "Eating out with work buddies"
  Liabilities:US:Chase:Slate                       -49.44 USD
  Expenses:Food:Restaurant                          49.44 USD

2023-01-07 balance Liabilities:US:Chase:Slate     -910.36 USD

2023-01-07 * "Onion Market" "Buying groceries"
  Liabilities:US:Chase:Slate                       -84.01 USD
  Expenses:Food:Groceries                           84.01 USD

2023-01-08 * "Metro Transport Authority" "Tram tickets"
  Liabilities:US:Chase:Slate                      -120.00 USD
  Expenses:Transport:Tram                          120.00 USD

2023-01-08 * "Chase:Slate" "Paying off credit card"
  Liabilities:US:Chase:Slate                       667.35 USD
  Assets:US:BofA:Checking                         -667.35 USD

2023-01-09 * "Chichipotle" "Eating out with Natasha"
  Liabilities:US:Chase:Slate                       -20.44 USD
  Expenses:Food:Restaurant                          20.44 USD

2023-01-14 * "Goba Goba" "Eating out with Natasha"
  Liabilities:US:Chase:Slate                       -23.86 USD
  Expenses:Food:Restaurant                          23.86 USD

2023-01-15 * "Rose Flower" "Eating out "
  Liabilities:US:Chase:Slate                       -18.99 USD
  Expenses:Food:Restaurant                          18.99 USD

2023-01-16 * "Jewel of Morroco" "Eating out alone"
  Liabilities:US:Chase:Slate                       -33.97 USD
  Expenses:Food:Restaurant                          33.97 USD

2023-01-17 * "Good Moods Market" "Buying groceries"
  Liabilities:US:Chase:Slate                       -80.87 USD
  Expenses:Food:Groceries                           80.87 USD

2023-01-19 * "China Garden" "Eating out with Joe"
  Liabilities:US:Chase:Slate                       -17.97 USD
  Expenses:Food:Restaurant                          17.97 USD

2023-01-20 * "China Garden" "Eating out with Bill"
  Liabilities:US:Chase:Slate                       -37.97 USD
  Expenses:Food:Restaurant                          37.97 USD

2023-01-21 * "Chichipotle" "Eating out "
  Liabilities:US:Chase:Slate                       -28.00 USD
  Expenses:Food:Restaurant                          28.00 USD

2023-01-24 event "location" "Boston"

2023-01-25 * "Legal Seafood" "" #trip-boston-2023
  Liabilities:US:Chase:Slate                       -34.19 USD
  Expenses:Food:Restaurant                          34.19 USD

2023-01-25 * "Starbucks" "" #trip-boston-2023
  Liabilities:US:Chase:Slate                        -4.33 USD
  Expenses:Food:Coffee                               4.33 USD

2023-01-26 * "Franklin Cafe" "" #trip-boston-2023
  Liabilities:US:Chase:Slate                       -31.41 USD
  Expenses:Food:Restaurant                          31.41 USD

2023-01-26 * "Starbucks" "" #trip-boston-2023
  Liabilities:US:Chase:Slate                        -5.88 USD
  Expenses:Food:Coffee                               5.88 USD

2023-01-27 * "Legal Seafood" "" #trip-boston-2023
  Liabilities:US:Chase:Slate                       -43.27 USD
  Expenses:Food:Restaurant                          43.27 USD

2023-01-28 * "Franklin Cafe" "" #trip-boston-2023
  Liabilities:US:Chase:Slate                       -25.63 USD
  Expenses:Food:Restaurant                          25.63 USD

2023-01-29 * "Legal Seafood" "" #trip-boston-2023
  Liabilities:US:Chase:Slate                       -27.65 USD
  Expenses:Food:Restaurant                          27.65 USD

2023-01-29 * "Starbucks" "" #trip-boston-2023
  Liabilities:US:Chase:Slate                        -6.23 USD
  Expenses:Food:Coffee                               6.23 USD

2023-01-31 * "Giacomo's Restaurant" "" #trip-boston-2023
  Liabilities:US:Chase:Slate                       -41.87 USD
  Expenses:Food:Restaurant                          41.87 USD

2023-01-31 * "Franklin Cafe" "" #trip-boston-2023
  Liabilities:US:Chase:Slate                       -33.97 USD
  Expenses:Food:Restaurant                          33.97 USD

2023-01-31 * "Starbucks" "" #trip-boston-2023
  Liabilities:US:Chase:Slate                        -6.51 USD
  Expenses:Food:Coffee                               6.51 USD

2023-02-01 * "Franklin Cafe" "" #trip-boston-2023
  Liabilities:US:Chase:Slate                       -23.08 USD
  Expenses:Food:Restaurant                          23.08 USD

2023-02-02 * "Franklin Cafe" "" #trip-boston-2023
  Liabilities:US:Chase:Slate                       -31.76 USD
  Expenses:Food:Restaurant                          31.76 USD

2023-02-03 * "Legal Seafood" "" #trip-boston-2023
  Liabilities:US:Chase:Slate                       -28.87 USD
  Expenses:Food:Restaurant                          28.87 USD

2023-02-03 * "Franklin Cafe" "" #trip-boston-2023
  Liabilities:US:Chase:Slate                       -32.88 USD
  Expenses:Food:Restaurant                          32.88 USD

2023-02-03 * "Starbucks" "" #trip-boston-2023
  Liabilities:US:Chase:Slate                        -5.55 USD
  Expenses:Food:Coffee                               5.55 USD

2023-02-04 * "Giacomo's Restaurant" "" #trip-boston-2023
  Liabilities:US:Chase:Slate                       -38.04 USD
  Expenses:Food:Restaurant                          38.04 USD

2023-02-04 * "Franklin Cafe" "" #trip-boston-2023
  Liabilities:US:Chase:Slate                       -30.35 USD
  Expenses:Food:Restaurant                          30.35 USD

2023-02-04 * "Starbucks" "" #trip-boston-2023
  Liabilities:US:Chase:Slate                        -5.64 USD
  Expenses:Food:Coffee                               5.64 USD

2023-02-05 balance Liabilities:US:Chase:Slate    -1166.20 USD

2023-02-07 * "Franklin Cafe" "" #trip-boston-2023
  Liabilities:US:Chase:Slate                       -28.97 USD
  Expenses:Food:Restaurant                          28.97 USD

2023-02-08 * "Chase:Slate" "Paying off credit card"
  Liabilities:US:Chase:Slate                       298.22 USD
  Assets:US:BofA:Checking                         -298.22 USD

2023-02-10 * "Legal Seafood" "" #trip-boston-2023
  Liabilities:US:Chase:Slate                       -34.29 USD
  Expenses:Food:Restaurant                          34.29 USD

2023-02-10 * "Franklin Cafe" "" #trip-boston-2023
  Liabilities:US:Chase:Slate                       -34.46 USD
  Expenses:Food:Restaurant                          34.46 USD

2023-02-11 * "Legal Seafood" "" #trip-boston-2023
  Liabilities:US:Chase:Slate                       -37.08 USD
  Expenses:Food:Restaurant                          37.08 USD

2023-02-11 * "Consume vacation days"
  Assets:US:BayBook:Vacation                         -144 VACHR
  Expenses:Vacation                                   144 VACHR

2023-02-11 event "location" "New Metropolis"

2023-02-12 * "Chichipotle" "Eating out alone"
  Liabilities:US:Chase:Slate                       -36.15 USD
  Expenses:Food:Restaurant                          36.15 USD

2023-02-16 * "Jewel of Morroco" "Eating out "
  Liabilities:US:Chase:Slate                       -11.96 USD
  Expenses:Food:Restaurant                          11.96 USD

2023-02-16 * "Onion Market" "Buying groceries"
  Liabilities:US:Chase:Slate                       -79.70 USD
  Expenses:Food:Groceries                           79.70 USD

2023-02-21 * "Uncle Boons" "Eating out alone"
  Liabilities:US:Chase:Slate                       -35.52 USD
  Expenses:Food:Restaurant                          35.52 USD

2023-02-22 * "Farmer Fresh" "Buying groceries"
  Liabilities:US:Chase:Slate                       -96.72 USD
  Expenses:Food:Groceries                           96.72 USD

2023-02-23 * "Goba Goba" "Eating out with Julie"
  Liabilities:US:Chase:Slate                       -87.51 USD
  Expenses:Food:Restaurant                          87.51 USD

2023-02-25 balance Liabilities:US:Chase:Slate    -1350.34 USD

2023-02-25 * "Uncle Boons" "Eating out "
  Liabilities:US:Chase:Slate                       -19.73 USD
  Expenses:Food:Restaurant                          19.73 USD

2023-02-28 * "Jewel of Morroco" "Eating out with Bill"
  Liabilities:US:Chase:Slate                       -26.13 USD
  Expenses:Food:Restaurant                          26.13 USD

2023-03-01 * "Uncle Boons" "Eating out with Natasha"
  Liabilities:US:Chase:Slate                       -44.63 USD
  Expenses:Food:Restaurant                          44.63 USD

2023-03-02 * "China Garden" "Eating out with Joe"
  Liabilities:US:Chase:Slate                       -37.18 USD
  Expenses:Food:Restaurant                          37.18 USD

2023-03-02 * "Farmer Fresh" "Buying groceries"
  Liabilities:US:Chase:Slate                       -96.73 USD
  Expenses:Food:Groceries                           96.73 USD

2023-03-05 * "Uncle Boons" "Eating out alone"
  Liabilities:US:Chase:Slate                       -32.91 USD
  Expenses:Food:Restaurant                          32.91 USD

2023-03-07 * "Chase:Slate" "Paying off credit card"
  Liabilities:US:Chase:Slate                       589.13 USD
  Assets:US:BofA:Checking                         -589.13 USD

2023-03-09 * "Kin Soy" "Eating out with Joe"
  Liabilities:US:Chase:Slate                       -20.41 USD
  Expenses:Food:Restaurant                          20.41 USD

2023-03-12 * "Rose Flower" "Eating out with work buddies"
  Liabilities:US:Chase:Slate                       -30.06 USD
  Expenses:Food:Restaurant                          30.06 USD

2023-03-13 * "Corner Deli" "Buying groceries"
  Liabilities:US:Chase:Slate                       -82.81 USD
  Expenses:Food:Groceries                           82.81 USD

2023-03-14 * "Jewel of Morroco" "Eating out with Natasha"
  Liabilities:US:Chase:Slate                       -23.14 USD
  Expenses:Food:Restaurant                          23.14 USD

2023-03-15 * "Metro Transport Authority" "Tram tickets"
  Liabilities:US:Chase:Slate                      -120.00 USD
  Expenses:Transport:Tram                          120.00 USD

2023-03-16 * "Jewel of Morroco" "Eating out with work buddies"
  Liabilities:US:Chase:Slate                       -18.17 USD
  Expenses:Food:Restaurant                          18.17 USD

2023-03-17 * "Goba Goba" "Eating out with Joe"
  Liabilities:US:Chase:Slate                       -33.14 USD
  Expenses:Food:Restaurant                          33.14 USD

2023-03-20 * "Chichipotle" "Eating out with Natasha"
  Liabilities:US:Chase:Slate                       -41.06 USD
  Expenses:Food:Restaurant                          41.06 USD

2023-03-21 balance Liabilities:US:Chase:Slate    -1387.31 USD

2023-03-24 * "Kin Soy" "Eating out with Joe"
  Liabilities:US:Chase:Slate                       -24.24 USD
  Expenses:Food:Restaurant                          24.24 USD

2023-03-26 * "Onion Market" "Buying groceries"
  Liabilities:US:Chase:Slate                      -106.25 USD
  Expenses:Food:Groceries                          106.25 USD

2023-03-28 * "Uncle Boons" "Eating out alone"
  Liabilities:US:Chase:Slate                       -20.46 USD
  Expenses:Food:Restaurant                          20.46 USD

2023-03-29 * "China Garden" "Eating out "
  Liabilities:US:Chase:Slate                       -27.87 USD
  Expenses:Food:Restaurant                          27.87 USD

2023-04-02 * "Goba Goba" "Eating out with Natasha"
  Liabilities:US:Chase:Slate                       -25.84 USD
  Expenses:Food:Restaurant                          25.84 USD

2023-04-04 * "Cafe Modagor" "Eating out with Natasha"
  Liabilities:US:Chase:Slate                       -26.06 USD
  Expenses:Food:Restaurant                          26.06 USD

2023-04-09 * "Uncle Boons" "Eating out "
  Liabilities:US:Chase:Slate                       -23.16 USD
  Expenses:Food:Restaurant                          23.16 USD

2023-04-10 * "Chase:Slate" "Paying off credit card"
  Liabilities:US:Chase:Slate                       667.34 USD
  Assets:US:BofA:Checking                         -667.34 USD

2023-04-11 * "Good Moods Market" "Buying groceries"
  Liabilities:US:Chase:Slate                       -65.08 USD
  Expenses:Food:Groceries                           65.08 USD

2023-04-13 * "Metro Transport Authority" "Tram tickets"
  Liabilities:US:Chase:Slate                      -120.00 USD
  Expenses:Transport:Tram                          120.00 USD

2023-04-14 * "Jewel of Morroco" "Eating out with Bill"
  Liabilities:US:Chase:Slate                       -31.06 USD
  Expenses:Food:Restaurant                          31.06 USD

2023-04-17 * "Onion Market" "Buying groceries"
  Liabilities:US:Chase:Slate                      -114.04 USD
  Expenses:Food:Groceries                          114.04 USD

2023-04-19 balance Liabilities:US:Chase:Slate    -1304.03 USD

2023-04-19 * "Uncle Boons" "Eating out alone"
  Liabilities:US:Chase:Slate                       -34.79 USD
  Expenses:Food:Restaurant                          34.79 USD

2023-04-21 * "Rose Flower" "Eating out with work buddies"
  Liabilities:US:Chase:Slate                       -30.22 USD
  Expenses:Food:Restaurant                          30.22 USD

2023-04-24 * "Rose Flower" "Eating out after work"
  Liabilities:US:Chase:Slate                       -21.39 USD
  Expenses:Food:Restaurant                          21.39 USD

2023-04-28 * "Jewel of Morroco" "Eating out "
  Liabilities:US:Chase:Slate                       -21.36 USD
  Expenses:Food:Restaurant                          21.36 USD

2023-05-03 * "Chichipotle" "Eating out alone"
  Liabilities:US:Chase:Slate                       -18.19 USD
  Expenses:Food:Restaurant                          18.19 USD

2023-05-05 * "Rose Flower" "Eating out with Julie"
  Liabilities:US:Chase:Slate                       -37.09 USD
  Expenses:Food:Restaurant                          37.09 USD

2023-05-05 * "Good Moods Market" "Buying groceries"
  Liabilities:US:Chase:Slate                       -93.03 USD
  Expenses:Food:Groceries                           93.03 USD

2023-05-08 * "Goba Goba" "Eating out "
  Liabilities:US:Chase:Slate                       -22.89 USD
  Expenses:Food:Restaurant                          22.89 USD

2023-05-09 * "Goba Goba" "Eating out after work"
  Liabilities:US:Chase:Slate                       -42.03 USD
  Expenses:Food:Restaurant                          42.03 USD

2023-05-09 * "Chase:Slate" "Paying off credit card"
  Liabilities:US:Chase:Slate                       586.09 USD
  Assets:US:BofA:Checking                         -586.09 USD

2023-05-11 * "Metro Transport Authority" "Tram tickets"
  Liabilities:US:Chase:Slate                      -120.00 USD
  Expenses:Transport:Tram                          120.00 USD

2023-05-12 * "Uncle Boons" "Eating out with work buddies"
  Liabilities:US:Chase:Slate                       -17.41 USD
  Expenses:Food:Restaurant                          17.41 USD

2023-05-15 * "Chichipotle" "Eating out with Julie"
  Liabilities:US:Chase:Slate                       -24.14 USD
  Expenses:Food:Restaurant                          24.14 USD

2023-05-16 balance Liabilities:US:Chase:Slate    -1200.48 USD

2023-05-19 * "Chichipotle" "Eating out "
  Liabilities:US:Chase:Slate                       -37.03 USD
  Expenses:Food:Restaurant                          37.03 USD

2023-05-20 * "Onion Market" "Buying groceries"
  Liabilities:US:Chase:Slate                       -73.10 USD
  Expenses:Food:Groceries                           73.10 USD

2023-05-22 * "Rose Flower" "Eating out alone"
  Liabilities:US:Chase:Slate                       -34.83 USD
  Expenses:Food:Restaurant                          34.83 USD

2023-05-25 * "Uncle Boons" "Eating out "
  Liabilities:US:Chase:Slate                       -36.86 USD
  Expenses:Food:Restaurant                          36.86 USD

2023-05-25 * "Onion Market" "Buying groceries"
  Liabilities:US:Chase:Slate                      -143.89 USD
  Expenses:Food:Groceries                          143.89 USD

2023-05-28 * "Uncle Boons" "Eating out with Julie"
  Liabilities:US:Chase:Slate                       -38.22 USD
  Expenses:Food:Restaurant                          38.22 USD

2023-05-29 * "Jewel of Morroco" "Eating out alone"
  Liabilities:US:Chase:Slate                       -34.40 USD
  Expenses:Food:Restaurant                          34.40 USD

2023-06-01 * "China Garden" "Eating out with work buddies"
  Liabilities:US:Chase:Slate                       -17.98 USD
  Expenses:Food:Restaurant                          17.98 USD

2023-06-03 * "Jewel of Morroco" "Eating out with Julie"
  Liabilities:US:Chase:Slate                       -38.55 USD
  Expenses:Food:Restaurant                          38.55 USD

2023-06-05 * "Cafe Modagor" "Eating out with Joe"
  Liabilities:US:Chase:Slate                       -37.59 USD
  Expenses:Food:Restaurant                          37.59 USD

2023-06-08 * "Kin Soy" "Eating out with Julie"
  Liabilities:US:Chase:Slate                       -23.71 USD
  Expenses:Food:Restaurant                          23.71 USD

2023-06-09 * "Corner Deli" "Buying groceries"
  Liabilities:US:Chase:Slate                       -70.82 USD
  Expenses:Food:Groceries                           70.82 USD

2023-06-09 * "Chase:Slate" "Paying off credit card"
  Liabilities:US:Chase:Slate                       748.53 USD
  Assets:US:BofA:Checking                         -748.53 USD

2023-06-10 balance Liabilities:US:Chase:Slate    -1038.93 USD

2023-06-12 * "Chichipotle" "Eating out with Julie"
  Liabilities:US:Chase:Slate                       -21.29 USD
  Expenses:Food:Restaurant                          21.29 USD

2023-06-12 * "Metro Transport Authority" "Tram tickets"
  Liabilities:US:Chase:Slate                      -120.00 USD
  Expenses:Transport:Tram                          120.00 USD

2023-06-15 * "Goba Goba" "Eating out "
  Liabilities:US:Chase:Slate                       -40.56 USD
  Expenses:Food:Restaurant                          40.56 USD

2023-06-19 * "Uncle Boons" "Eating out with Joe"
  Liabilities:US:Chase:Slate                       -58.75 USD
  Expenses:Food:Restaurant                          58.75 USD

2023-06-21 * "Farmer Fresh" "Buying groceries"
  Liabilities:US:Chase:Slate                       -76.25 USD
  Expenses:Food:Groceries                           76.25 USD

2023-06-24 * "Chichipotle" "Eating out alone"
  Liabilities:US:Chase:Slate                       -28.26 USD
  Expenses:Food:Restaurant                          28.26 USD

2023-06-27 * "Rose Flower" "Eating out with work buddies"
  Liabilities:US:Chase:Slate                       -40.68 USD
  Expenses:Food:Restaurant                          40.68 USD

2023-06-30 * "Farmer Fresh" "Buying groceries"
  Liabilities:US:Chase:Slate                      -111.78 USD
  Expenses:Food:Groceries                          111.78 USD

2023-07-01 balance Liabilities:US:Chase:Slate    -1536.50 USD

2023-07-01 * "China Garden" "Eating out alone"
  Liabilities:US:Chase:Slate                       -79.62 USD
  Expenses:Food:Restaurant                          79.62 USD

2023-07-05 * "Rose Flower" "Eating out "
  Liabilities:US:Chase:Slate                       -34.37 USD
  Expenses:Food:Restaurant                          34.37 USD

2023-07-07 * "Chase:Slate" "Paying off credit card"
  Liabilities:US:Chase:Slate                       644.84 USD
  Assets:US:BofA:Checking                         -644.84 USD

2023-07-09 * "Goba Goba" "Eating out with work buddies"
  Liabilities:US:Chase:Slate                       -33.28 USD
  Expenses:Food:Restaurant                          33.28 USD

2023-07-10 * "Goba Goba" "Eating out alone"
  Liabilities:US:Chase:Slate                       -18.58 USD
  Expenses:Food:Restaurant                          18.58 USD

2023-07-13 * "Kin Soy" "Eating out with work buddies"
  Liabilities:US:Chase:Slate                       -19.60 USD
  Expenses:Food:Restaurant                          19.60 USD

2023-07-13 * "Metro Transport Authority" "Tram tickets"
  Liabilities:US:Chase:Slate                      -120.00 USD
  Expenses:Transport:Tram                          120.00 USD

2023-07-17 * "Corner Deli" "Buying groceries"
  Liabilities:US:Chase:Slate                       -74.68 USD
  Expenses:Food:Groceries                           74.68 USD

2023-07-18 event "location" "New York"

2023-07-19 * "La Colombe" "" #trip-new-york-2023
  Liabilities:US:Chase:Slate                        -4.76 USD
  Expenses:Food:Coffee                               4.76 USD

2023-07-20 * "Takahachi" "" #trip-new-york-2023
  Liabilities:US:Chase:Slate                       -48.08 USD
  Expenses:Food:Restaurant                          48.08 USD

2023-07-20 * "La Colombe" "" #trip-new-york-2023
  Liabilities:US:Chase:Slate                        -6.62 USD
  Expenses:Food:Coffee                               6.62 USD

2023-07-20 * "Gimme! Coffee" "" #trip-new-york-2023
  Liabilities:US:Chase:Slate                        -6.79 USD
  Expenses:Food:Coffee                               6.79 USD

2023-07-21 * "La Colombe" "" #trip-new-york-2023
  Liabilities:US:Chase:Slate                        -6.54 USD
  Expenses:Food:Coffee                               6.54 USD

2023-07-21 * "Gimme! Coffee" "" #trip-new-york-2023
  Liabilities:US:Chase:Slate                        -7.07 USD
  Expenses:Food:Coffee                               7.07 USD

2023-07-22 * "La Colombe" "" #trip-new-york-2023
  Liabilities:US:Chase:Slate                        -5.60 USD
  Expenses:Food:Coffee                               5.60 USD

2023-07-22 * "Gimme! Coffee" "" #trip-new-york-2023
  Liabilities:US:Chase:Slate                        -7.60 USD
  Expenses:Food:Coffee                               7.60 USD

2023-07-23 * "Uncle Boons" "" #trip-new-york-2023
  Liabilities:US:Chase:Slate                       -46.13 USD
  Expenses:Food:Restaurant                          46.13 USD

2023-07-23 * "Takahachi" "" #trip-new-york-2023
  Liabilities:US:Chase:Slate                       -45.14 USD
  Expenses:Food:Restaurant                          45.14 USD

2023-07-24 * "Cafe Select" "" #trip-new-york-2023
  Liabilities:US:Chase:Slate                       -38.95 USD
  Expenses:Food:Restaurant                          38.95 USD

2023-07-24 * "La Colombe" "" #trip-new-york-2023
  Liabilities:US:Chase:Slate                        -6.88 USD
  Expenses:Food:Coffee                               6.88 USD

2023-07-25 * "Cafe Select" "" #trip-new-york-2023
  Liabilities:US:Chase:Slate                       -34.37 USD
  Expenses:Food:Restaurant                          34.37 USD

2023-07-25 * "Takahachi" "" #trip-new-york-2023
  Liabilities:US:Chase:Slate                       -51.93 USD
  Expenses:Food:Restaurant                          51.93 USD

2023-07-25 * "Laut" "" #trip-new-york-2023
  Liabilities:US:Chase:Slate                       -27.12 USD
  Expenses:Food:Restaurant                          27.12 USD

2023-07-25 * "La Colombe" "" #trip-new-york-2023
  Liabilities:US:Chase:Slate                        -8.06 USD
  Expenses:Food:Coffee                               8.06 USD

2023-07-26 * "Laut" "" #trip-new-york-2023
  Liabilities:US:Chase:Slate                       -30.21 USD
  Expenses:Food:Restaurant                          30.21 USD

2023-07-27 * "La Colombe" "" #trip-new-york-2023
  Liabilities:US:Chase:Slate                        -8.09 USD
  Expenses:Food:Coffee                               8.09 USD

2023-07-27 * "Consume vacation days"
  Assets:US:BayBook:Vacation                          -72 VACHR
  Expenses:Vacation                                    72 VACHR

2023-07-27 event "location" "New Metropolis"

2023-07-28 * "Chichipotle" "Eating out after work"
  Liabilities:US:Chase:Slate                       -29.64 USD
  Expenses:Food:Restaurant                          29.64 USD

2023-07-29 balance Liabilities:US:Chase:Slate    -1691.37 USD

2023-07-30 * "China Garden" "Eating out with Natasha"
  Liabilities:US:Chase:Slate                       -16.62 USD
  Expenses:Food:Restaurant                          16.62 USD

2023-08-01 * "Uncle Boons" "Eating out with Joe"
  Liabilities:US:Chase:Slate                       -45.09 USD
  Expenses:Food:Restaurant                          45.09 USD

2023-08-02 * "Good Moods Market" "Buying groceries"
  Liabilities:US:Chase:Slate                       -64.59 USD
  Expenses:Food:Groceries                           64.59 USD

2023-08-04 * "Cafe Modagor" "Eating out with Julie"
  Liabilities:US:Chase:Slate                       -20.61 USD
  Expenses:Food:Restaurant                          20.61 USD

2023-08-07 * "Jewel of Morroco" "Eating out with Julie"
  Liabilities:US:Chase:Slate                       -30.03 USD
  Expenses:Food:Restaurant                          30.03 USD

2023-08-07 * "Farmer Fresh" "Buying groceries"
  Liabilities:US:Chase:Slate                       -91.58 USD
  Expenses:Food:Groceries                           91.58 USD

2023-08-08 * "Chase:Slate" "Paying off credit card"
  Liabilities:US:Chase:Slate                       651.02 USD
  Assets:US:BofA:Checking                         -651.02 USD

2023-08-10 * "Metro Transport Authority" "Tram tickets"
  Liabilities:US:Chase:Slate                      -120.00 USD
  Expenses:Transport:Tram                          120.00 USD

2023-08-12 * "Uncle Boons" "Eating out "
  Liabilities:US:Chase:Slate                       -40.23 USD
  Expenses:Food:Restaurant                          40.23 USD

2023-08-13 * "Cafe Modagor" "Eating out after work"
  Liabilities:US:Chase:Slate                       -50.05 USD
  Expenses:Food:Restaurant                          50.05 USD

2023-08-16 * "Cafe Modagor" "Eating out with Natasha"
  Liabilities:US:Chase:Slate                       -29.28 USD
  Expenses:Food:Restaurant                          29.28 USD

2023-08-20 * "China Garden" "Eating out with work buddies"
  Liabilities:US:Chase:Slate                       -21.57 USD
  Expenses:Food:Restaurant                          21.57 USD

2023-08-21 * "Farmer Fresh" "Buying groceries"
  Liabilities:US:Chase:Slate                      -129.35 USD
  Expenses:Food:Groceries                          129.35 USD

2023-08-24 balance Liabilities:US:Chase:Slate    -1699.35 USD

2023-08-25 * "Rose Flower" "Eating out with Bill"
  Liabilities:US:Chase:Slate                       -25.35 USD
  Expenses:Food:Restaurant                          25.35 USD

2023-08-30 * "Goba Goba" "Eating out with Natasha"
  Liabilities:US:Chase:Slate                       -19.31 USD
  Expenses:Food:Restaurant                          19.31 USD

2023-09-01 * "China Garden" "Eating out after work"
  Liabilities:US:Chase:Slate                       -39.34 USD
  Expenses:Food:Restaurant                          39.34 USD

2023-09-03 * "Uncle Boons" "Eating out "
  Liabilities:US:Chase:Slate                       -23.43 USD
  Expenses:Food:Restaurant                          23.43 USD

2023-09-03 * "Good Moods Market" "Buying groceries"
  Liabilities:US:Chase:Slate                       -85.07 USD
  Expenses:Food:Groceries                           85.07 USD

2023-09-06 * "Chichipotle" "Eating out "
  Liabilities:US:Chase:Slate                       -25.83 USD
  Expenses:Food:Restaurant                          25.83 USD

2023-09-09 * "Metro Transport Authority" "Tram tickets"
  Liabilities:US:Chase:Slate                      -120.00 USD
  Expenses:Transport:Tram                          120.00 USD

2023-09-10 * "Chase:Slate" "Paying off credit card"
  Liabilities:US:Chase:Slate                       647.55 USD
  Assets:US:BofA:Checking                         -647.55 USD

2023-09-11 * "Jewel of Morroco" "Eating out alone"
  Liabilities:US:Chase:Slate                       -38.74 USD
  Expenses:Food:Restaurant                          38.74 USD

2023-09-13 balance Liabilities:US:Chase:Slate    -1428.87 USD

2023-09-16 * "Jewel of Morroco" "Eating out alone"
  Liabilities:US:Chase:Slate                       -25.66 USD
  Expenses:Food:Restaurant                          25.66 USD

2023-09-18 * "Kin Soy" "Eating out with Bill"
  Liabilities:US:Chase:Slate                       -29.67 USD
  Expenses:Food:Restaurant                          29.67 USD

2023-09-20 * "Good Moods Market" "Buying groceries"
  Liabilities:US:Chase:Slate                       -87.23 USD
  Expenses:Food:Groceries                           87.23 USD

2023-09-23 * "Jewel of Morroco" "Eating out with Julie"
  Liabilities:US:Chase:Slate                       -27.97 USD
  Expenses:Food:Restaurant                          27.97 USD

2023-09-25 * "China Garden" "Eating out with Bill"
  Liabilities:US:Chase:Slate                       -31.03 USD
  Expenses:Food:Restaurant                          31.03 USD

2023-09-28 * "Jewel of Morroco" "Eating out with work buddies"
  Liabilities:US:Chase:Slate                       -26.59 USD
  Expenses:Food:Restaurant                          26.59 USD

2023-09-30 * "China Garden" "Eating out with Natasha"
  Liabilities:US:Chase:Slate                       -25.65 USD
  Expenses:Food:Restaurant                          25.65 USD

2023-10-02 * "Cafe Modagor" "Eating out "
  Liabilities:US:Chase:Slate                       -26.22 USD
  Expenses:Food:Restaurant                          26.22 USD

2023-10-02 * "Good Moods Market" "Buying groceries"
  Liabilities:US:Chase:Slate                      -100.75 USD
  Expenses:Food:Groceries                          100.75 USD

2023-10-03 * "Cafe Modagor" "Eating out with Julie"
  Liabilities:US:Chase:Slate                       -27.75 USD
  Expenses:Food:Restaurant                          27.75 USD

2023-10-06 * "China Garden" "Eating out with Joe"
  Liabilities:US:Chase:Slate                       -31.03 USD
  Expenses:Food:Restaurant                          31.03 USD

2023-10-09 balance Liabilities:US:Chase:Slate    -1868.42 USD

2023-10-09 * "Kin Soy" "Eating out after work"
  Liabilities:US:Chase:Slate                       -24.23 USD
  Expenses:Food:Restaurant                          24.23 USD

2023-10-09 * "Metro Transport Authority" "Tram tickets"
  Liabilities:US:Chase:Slate                      -120.00 USD
  Expenses:Transport:Tram                          120.00 USD

2023-10-10 * "Corner Deli" "Buying groceries"
  Liabilities:US:Chase:Slate                       -87.60 USD
  Expenses:Food:Groceries                           87.60 USD

2023-10-11 * "Chase:Slate" "Paying off credit card"
  Liabilities:US:Chase:Slate                       712.42 USD
  Assets:US:BofA:Checking                         -712.42 USD

2023-10-14 * "Jewel of Morroco" "Eating out after work"
  Liabilities:US:Chase:Slate                       -41.04 USD
  Expenses:Food:Restaurant                          41.04 USD

2023-10-18 * "Kin Soy" "Eating out with Julie"
  Liabilities:US:Chase:Slate                       -34.87 USD
  Expenses:Food:Restaurant                          34.87 USD

2023-10-18 * "Good Moods Market" "Buying groceries"
  Liabilities:US:Chase:Slate                       -74.44 USD
  Expenses:Food:Groceries                           74.44 USD

2023-10-21 * "China Garden" "Eating out after work"
  Liabilities:US:Chase:Slate                       -26.80 USD
  Expenses:Food:Restaurant                          26.80 USD

2023-10-25 * "China Garden" "Eating out with Bill"
  Liabilities:US:Chase:Slate                       -34.57 USD
  Expenses:Food:Restaurant                          34.57 USD

2023-10-25 * "Corner Deli" "Buying groceries"
  Liabilities:US:Chase:Slate                       -75.89 USD
  Expenses:Food:Groceries                           75.89 USD

2023-10-29 * "Chichipotle" "Eating out "
  Liabilities:US:Chase:Slate                       -36.91 USD
  Expenses:Food:Restaurant                          36.91 USD

2023-11-02 * "Kin Soy" "Eating out "
  Liabilities:US:Chase:Slate                       -17.70 USD
  Expenses:Food:Restaurant                          17.70 USD

2023-11-03 * "Rose Flower" "Eating out after work"
  Liabilities:US:Chase:Slate                       -18.53 USD
  Expenses:Food:Restaurant                          18.53 USD

2023-11-04 * "China Garden" "Eating out with Julie"
  Liabilities:US:Chase:Slate                       -58.30 USD
  Expenses:Food:Restaurant                          58.30 USD

2023-11-05 balance Liabilities:US:Chase:Slate    -1806.88 USD

2023-11-07 * "Cafe Modagor" "Eating out with Natasha"
  Liabilities:US:Chase:Slate                       -20.93 USD
  Expenses:Food:Restaurant                          20.93 USD

2023-11-07 * "Farmer Fresh" "Buying groceries"
  Liabilities:US:Chase:Slate                      -155.02 USD
  Expenses:Food:Groceries                          155.02 USD

2023-11-08 * "Rose Flower" "Eating out with Julie"
  Liabilities:US:Chase:Slate                       -41.50 USD
  Expenses:Food:Restaurant                          41.50 USD

2023-11-09 * "Goba Goba" "Eating out with Julie"
  Liabilities:US:Chase:Slate                       -23.63 USD
  Expenses:Food:Restaurant                          23.63 USD

2023-11-10 * "Metro Transport Authority" "Tram tickets"
  Liabilities:US:Chase:Slate                      -120.00 USD
  Expenses:Transport:Tram                          120.00 USD

2023-11-11 * "Chase:Slate" "Paying off credit card"
  Liabilities:US:Chase:Slate                       758.69 USD
  Assets:US:BofA:Checking                         -758.69 USD

2023-11-13 * "Uncle Boons" "Eating out "
  Liabilities:US:Chase:Slate                       -19.60 USD
  Expenses:Food:Restaurant                          19.60 USD

2023-11-16 * "Cafe Modagor" "Eating out with Natasha"
  Liabilities:US:Chase:Slate                       -14.21 USD
  Expenses:Food:Restaurant                          14.21 USD

2023-11-18 * "Goba Goba" "Eating out with work buddies"
  Liabilities:US:Chase:Slate                       -36.24 USD
  Expenses:Food:Restaurant                          36.24 USD

2023-11-18 * "Farmer Fresh" "Buying groceries"
  Liabilities:US:Chase:Slate                       -63.06 USD
  Expenses:Food:Groceries                           63.06 USD

2023-11-23 * "China Garden" "Eating out with Bill"
  Liabilities:US:Chase:Slate                       -24.48 USD
  Expenses:Food:Restaurant                          24.48 USD

2023-11-25 * "Chichipotle" "Eating out after work"
  Liabilities:US:Chase:Slate                       -42.59 USD
  Expenses:Food:Restaurant                          42.59 USD

2023-11-26 * "Corner Deli" "Buying groceries"
  Liabilities:US:Chase:Slate                      -107.33 USD
  Expenses:Food:Groceries                          107.33 USD

2023-11-28 * "China Garden" "Eating out with Joe"
  Liabilities:US:Chase:Slate                       -46.89 USD
  Expenses:Food:Restaurant                          46.89 USD

2023-11-29 balance Liabilities:US:Chase:Slate    -1763.67 USD

2023-12-02 * "Jewel of Morroco" "Eating out with Julie"
  Liabilities:US:Chase:Slate                       -40.14 USD
  Expenses:Food:Restaurant                          40.14 USD

2023-12-05 * "China Garden" "Eating out with Bill"
  Liabilities:US:Chase:Slate                       -19.51 USD
  Expenses:Food:Restaurant                          19.51 USD

2023-12-05 * "Good Moods Market" "Buying groceries"
  Liabilities:US:Chase:Slate                       -64.83 USD
  Expenses:Food:Groceries                           64.83 USD

2023-12-08 * "Chase:Slate" "Paying off credit card"
  Liabilities:US:Chase:Slate                       519.26 USD
  Assets:US:BofA:Checking                         -519.26 USD

2023-12-09 * "Uncle Boons" "Eating out with work buddies"
  Liabilities:US:Chase:Slate                       -59.98 USD
  Expenses:Food:Restaurant                          59.98 USD

2023-12-09 * "Metro Transport Authority" "Tram tickets"
  Liabilities:US:Chase:Slate                      -120.00 USD
  Expenses:Transport:Tram                          120.00 USD

2023-12-12 * "China Garden" "Eating out "
  Liabilities:US:Chase:Slate                       -52.99 USD
  Expenses:Food:Restaurant                          52.99 USD

2023-12-12 * "Corner Deli" "Buying groceries"
  Liabilities:US:Chase:Slate                      -127.54 USD
  Expenses:Food:Groceries                          127.54 USD

2023-12-15 * "China Garden" "Eating out with Julie"
  Liabilities:US:Chase:Slate                       -35.34 USD
  Expenses:Food:Restaurant                          35.34 USD

2023-12-16 * "China Garden" "Eating out with work buddies"
  Liabilities:US:Chase:Slate                       -36.57 USD
  Expenses:Food:Restaurant                          36.57 USD

2023-12-17 * "Jewel of Morroco" "Eating out alone"
  Liabilities:US:Chase:Slate                       -31.18 USD
  Expenses:Food:Restaurant                          31.18 USD

2023-12-22 * "Kin Soy" "Eating out with work buddies"
  Liabilities:US:Chase:Slate                       -17.62 USD
  Expenses:Food:Restaurant                          17.62 USD

2023-12-23 balance Liabilities:US:Chase:Slate    -1850.11 USD

2023-12-23 * "Cafe Modagor" "Eating out alone"
  Liabilities:US:Chase:Slate                       -33.12 USD
  Expenses:Food:Restaurant                          33.12 USD

2023-12-24 * "Corner Deli" "Buying groceries"
  Liabilities:US:Chase:Slate                       -64.62 USD
  Expenses:Food:Groceries                           64.62 USD

2023-12-27 * "Goba Goba" "Eating out alone"
  Liabilities:US:Chase:Slate                       -22.11 USD
  Expenses:Food:Restaurant                          22.11 USD

2023-12-30 * "Kin Soy" "Eating out with Natasha"
  Liabilities:US:Chase:Slate                       -58.14 USD
  Expenses:Food:Restaurant                          58.14 USD

2024-01-02 * "China Garden" "Eating out with Joe"
  Liabilities:US:Chase:Slate                       -20.90 USD
  Expenses:Food:Restaurant                          20.90 USD

2024-01-05 * "Kin Soy" "Eating out with Joe"
  Liabilities:US:Chase:Slate                       -20.51 USD
  Expenses:Food:Restaurant                          20.51 USD

2024-01-08 * "Goba Goba" "Eating out with Natasha"
  Liabilities:US:Chase:Slate                       -35.83 USD
  Expenses:Food:Restaurant                          35.83 USD

2024-01-08 * "Chase:Slate" "Paying off credit card"
  Liabilities:US:Chase:Slate                       676.47 USD
  Assets:US:BofA:Checking                         -676.47 USD

2024-01-09 * "Metro Transport Authority" "Tram tickets"
  Liabilities:US:Chase:Slate                      -120.00 USD
  Expenses:Transport:Tram                          120.00 USD

2024-01-12 * "Kin Soy" "Eating out with Julie"
  Liabilities:US:Chase:Slate                       -32.45 USD
  Expenses:Food:Restaurant                          32.45 USD

2024-01-13 * "Good Moods Market" "Buying groceries"
  Liabilities:US:Chase:Slate                       -66.49 USD
  Expenses:Food:Groceries                           66.49 USD

2024-01-17 * "China Garden" "Eating out after work"
  Liabilities:US:Chase:Slate                       -52.14 USD
  Expenses:Food:Restaurant                          52.14 USD

2024-01-19 * "Corner Deli" "Buying groceries"
  Liabilities:US:Chase:Slate                       -82.35 USD
  Expenses:Food:Groceries                           82.35 USD

2024-01-22 balance Liabilities:US:Chase:Slate    -1782.30 USD

2024-01-22 * "Kin Soy" "Eating out with work buddies"
  Liabilities:US:Chase:Slate                       -26.52 USD
  Expenses:Food:Restaurant                          26.52 USD

2024-01-23 * "Cafe Modagor" "Eating out "
  Liabilities:US:Chase:Slate                       -30.23 USD
  Expenses:Food:Restaurant                          30.23 USD

2024-01-24 * "Uncle Boons" "Eating out "
  Liabilities:US:Chase:Slate                       -26.55 USD
  Expenses:Food:Restaurant                          26.55 USD

2024-01-25 * "China Garden" "Eating out with Natasha"
  Liabilities:US:Chase:Slate                       -22.38 USD
  Expenses:Food:Restaurant                          22.38 USD

2024-01-27 * "Cafe Modagor" "Eating out "
  Liabilities:US:Chase:Slate                       -37.73 USD
  Expenses:Food:Restaurant                          37.73 USD

2024-01-28 * "Chichipotle" "Eating out "
  Liabilities:US:Chase:Slate                       -22.39 USD
  Expenses:Food:Restaurant                          22.39 USD

2024-02-02 * "Chichipotle" "Eating out with Julie"
  Liabilities:US:Chase:Slate                       -87.51 USD
  Expenses:Food:Restaurant                          87.51 USD

2024-02-02 * "Onion Market" "Buying groceries"
  Liabilities:US:Chase:Slate                       -81.61 USD
  Expenses:Food:Groceries                           81.61 USD

2024-02-03 * "Cafe Modagor" "Eating out "
  Liabilities:US:Chase:Slate                       -32.44 USD
  Expenses:Food:Restaurant                          32.44 USD

2024-02-04 * "Rose Flower" "Eating out with Julie"
  Liabilities:US:Chase:Slate                       -28.99 USD
  Expenses:Food:Restaurant                          28.99 USD

2024-02-07 * "Metro Transport Authority" "Tram tickets"
  Liabilities:US:Chase:Slate                      -120.00 USD
  Expenses:Transport:Tram                          120.00 USD

2024-02-09 * "Chichipotle" "Eating out with work buddies"
  Liabilities:US:Chase:Slate                       -34.06 USD
  Expenses:Food:Restaurant                          34.06 USD

2024-02-09 * "Onion Market" "Buying groceries"
  Liabilities:US:Chase:Slate                       -62.50 USD
  Expenses:Food:Groceries                           62.50 USD



* Taxable Investments

2022-01-01 open Assets:US:ETrade:Cash                       USD
2022-01-01 open Assets:US:ETrade:ITOT                       ITOT
2022-01-01 open Assets:US:ETrade:VEA                       VEA
2022-01-01 open Assets:US:ETrade:VHT                       VHT
2022-01-01 open Assets:US:ETrade:GLD                       GLD
2022-01-01 open Income:US:ETrade:PnL                        USD
2022-01-01 open Income:US:ETrade:ITOT:Dividend              USD
2022-01-01 open Income:US:ETrade:VEA:Dividend              USD
2022-01-01 open Income:US:ETrade:VHT:Dividend              USD
2022-01-01 open Income:US:ETrade:GLD:Dividend              USD

2022-09-18 * "Dividends on portfolio"
  Assets:US:ETrade:Cash                              0.00 USD
  Income:US:ETrade:ITOT:Dividend                     0.00 USD

2022-09-25 * "Buy shares of GLD"
  Assets:US:ETrade:Cash                          -1232.45 USD
  Assets:US:ETrade:GLD                                 10 GLD {122.35 USD, 2022-09-25}
  Expenses:Financial:Commissions                     8.95 USD

2022-09-25 * "Buy shares of VEA"
  Assets:US:ETrade:Cash                          -1295.39 USD
  Assets:US:ETrade:VEA                                 29 VEA {44.36 USD, 2022-09-25}
  Expenses:Financial:Commissions                     8.95 USD

2022-09-25 * "Buy shares of ITOT"
  Assets:US:ETrade:Cash                          -1201.15 USD
  Assets:US:ETrade:ITOT                                10 ITOT {119.22 USD, 2022-09-25}
  Expenses:Financial:Commissions                     8.95 USD

2022-10-05 * "Sell shares of ITOT"
  Assets:US:ETrade:ITOT                               -10 ITOT {119.22 USD, 2022-09-25} @ 120.53 USD
  Assets:US:ETrade:Cash                           1196.35 USD
  Expenses:Financial:Commissions                     8.95 USD
  Income:US:ETrade:PnL                             -13.10 USD

2022-10-26 * "Buy shares of VEA"
  Assets:US:ETrade:Cash                           -679.00 USD
  Assets:US:ETrade:VEA                                 15 VEA {44.67 USD, 2022-10-26}
  Expenses:Financial:Commissions                     8.95 USD

2022-10-26 * "Buy shares of VHT"
  Assets:US:ETrade:Cash                           -661.95 USD
  Assets:US:ETrade:VHT                                 10 VHT {65.30 USD, 2022-10-26}
  Expenses:Financial:Commissions                     8.95 USD

2022-11-20 * "Sell shares of GLD"
  Assets:US:ETrade:GLD                                -10 GLD {122.35 USD, 2022-09-25} @ 129.93 USD
  Assets:US:ETrade:Cash                           1290.35 USD
  Expenses:Financial:Commissions                     8.95 USD
  Income:US:ETrade:PnL                             -75.80 USD

2022-11-25 * "Sell shares of VHT"
  Assets:US:ETrade:VHT                                -10 VHT {65.30 USD, 2022-10-26} @ 65.35 USD
  Assets:US:ETrade:Cash                            644.55 USD
  Expenses:Financial:Commissions                     8.95 USD
  Income:US:ETrade:PnL                              -0.50 USD

2022-12-17 * "Dividends on portfolio"
  Assets:US:ETrade:Cash                             20.10 USD
  Income:US:ETrade:GLD:Dividend                    -20.10 USD

2022-12-23 * "Buy shares of VHT"
  Assets:US:ETrade:Cash                          -2107.19 USD
  Assets:US:ETrade:VHT                                 32 VHT {65.57 USD, 2022-12-23}
  Expenses:Financial:Commissions                     8.95 USD

2022-12-23 * "Buy shares of ITOT"
  Assets:US:ETrade:Cash                          -1999.90 USD
  Assets:US:ETrade:ITOT                                15 ITOT {132.73 USD, 2022-12-23}
  Expenses:Financial:Commissions                     8.95 USD

2022-12-23 * "Buy shares of GLD"
  Assets:US:ETrade:Cash                          -2068.79 USD
  Assets:US:ETrade:GLD                                 16 GLD {128.74 USD, 2022-12-23}
  Expenses:Financial:Commissions                     8.95 USD

2023-03-18 * "Dividends on portfolio"
  Assets:US:ETrade:Cash                             44.70 USD
  Income:US:ETrade:VEA:Dividend                    -44.70 USD

2023-06-18 * "Dividends on portfolio"
  Assets:US:ETrade:Cash                             44.70 USD
  Income:US:ETrade:VHT:Dividend                    -44.70 USD

2023-08-12 * "Sell shares of VHT"
  Assets:US:ETrade:VHT                                -32 VHT {65.57 USD, 2022-12-23} @ 79.19 USD
  Assets:US:ETrade:Cash                           2525.13 USD
  Expenses:Financial:Commissions                     8.95 USD
  Income:US:ETrade:PnL                            -435.84 USD

2023-08-13 * "Buy shares of VEA"
  Assets:US:ETrade:Cash                           -895.99 USD
  Assets:US:ETrade:VEA                                 18 VEA {49.28 USD, 2023-08-13}
  Expenses:Financial:Commissions                     8.95 USD

2023-08-13 * "Buy shares of ITOT"
  Assets:US:ETrade:Cash                           -856.93 USD
  Assets:US:ETrade:ITOT                                 6 ITOT {141.33 USD, 2023-08-13}
  Expenses:Financial:Commissions                     8.95 USD

2023-08-13 * "Buy shares of GLD"
  Assets:US:ETrade:Cash                           -793.69 USD
  Assets:US:ETrade:GLD                                  6 GLD {130.79 USD, 2023-08-13}
  Expenses:Financial:Commissions                     8.95 USD

2023-09-06 * "Sell shares of GLD"
  Assets:US:ETrade:GLD                                 -6 GLD {130.79 USD, 2023-08-13} @ 127.76 USD
  Assets:US:ETrade:Cash                            757.61 USD
  Expenses:Financial:Commissions                     8.95 USD
  Income:US:ETrade:PnL                              18.18 USD

2023-09-18 * "Dividends on portfolio"
  Assets:US:ETrade:Cash                             54.78 USD
  Income:US:ETrade:GLD:Dividend                    -54.78 USD

2023-09-23 * "Buy shares of VEA"
  Assets:US:ETrade:Cash                          -5105.47 USD
  Assets:US:ETrade:VEA                                 99 VEA {51.48 USD, 2023-09-23}
  Expenses:Financial:Commissions                     8.95 USD

2023-11-30 * "Buy shares of GLD"
  Assets:US:ETrade:Cash                          -4473.19 USD
  Assets:US:ETrade:GLD                                 33 GLD {135.28 USD, 2023-11-30}
  Expenses:Financial:Commissions                     8.95 USD

2023-12-12 * "Sell shares of GLD"
  Assets:US:ETrade:GLD                                -33 GLD {135.28 USD, 2023-11-30} @ 134.04 USD
  Assets:US:ETrade:Cash                           4414.37 USD
  Expenses:Financial:Commissions                     8.95 USD
  Income:US:ETrade:PnL                              40.92 USD

2023-12-17 * "Dividends on portfolio"
  Assets:US:ETrade:Cash                             93.02 USD
  Income:US:ETrade:VEA:Dividend                    -93.02 USD

2024-01-13 * "Buy shares of GLD"
  Assets:US:ETrade:Cash                          -7343.55 USD
  Assets:US:ETrade:GLD                                 52 GLD {141.05 USD, 2024-01-13}
  Expenses:Financial:Commissions                     8.95 USD



* Vanguard Investments

2022-01-01 open Assets:US:Vanguard:VBMPX                     VBMPX
  number: "882882"
2022-01-01 open Assets:US:Vanguard:RGAGX                     RGAGX
  number: "882882"
2022-01-01 open Assets:US:Vanguard                            USD
  institution: "Vanguard Group"
  address: "P.O. Box 1110, Valley Forge, PA 19482-1110"
  phone: "+1.800.523.1188"
2022-01-01 open Income:US:BayBook:Match401k                   USD
2022-01-01 open Assets:US:Vanguard:Cash                       USD
  number: "882882"

2022-01-07 * "Employer match for contribution"
  Assets:US:Vanguard:Cash                          600.00 USD
  Income:US:BayBook:Match401k                     -600.00 USD

2022-01-10 * "Investing 40% of cash in VBMPX"
  Assets:US:Vanguard:VBMPX                          5.488 VBMPX {87.47 USD, 2022-01-10}
  Assets:US:Vanguard:Cash                         -480.04 USD

2022-01-10 * "Investing 60% of cash in RGAGX"
  Assets:US:Vanguard:RGAGX                          4.672 RGAGX {154.10 USD, 2022-01-10}
  Assets:US:Vanguard:Cash                         -719.96 USD

2022-01-10 * "Investing 40% of cash in VBMPX"
  Assets:US:Vanguard:VBMPX                          2.744 VBMPX {87.47 USD, 2022-01-10}
  Assets:US:Vanguard:Cash                         -240.02 USD

2022-01-10 * "Investing 60% of cash in RGAGX"
  Assets:US:Vanguard:RGAGX                          2.336 RGAGX {154.10 USD, 2022-01-10}
  Assets:US:Vanguard:Cash                         -359.98 USD

2022-01-21 * "Employer match for contribution"
  Assets:US:Vanguard:Cash                          600.00 USD
  Income:US:BayBook:Match401k                     -600.00 USD

2022-01-24 * "Investing 40% of cash in VBMPX"
  Assets:US:Vanguard:VBMPX                          5.543 VBMPX {86.59 USD, 2022-01-24}
  Assets:US:Vanguard:Cash                         -479.97 USD

2022-01-24 * "Investing 60% of cash in RGAGX"
  Assets:US:Vanguard:RGAGX                          4.707 RGAGX {152.95 USD, 2022-01-24}
  Assets:US:Vanguard:Cash                         -719.94 USD

2022-01-24 * "Investing 40% of cash in VBMPX"
  Assets:US:Vanguard:VBMPX                          2.772 VBMPX {86.59 USD, 2022-01-24}
  Assets:US:Vanguard:Cash                         -240.03 USD

2022-01-24 * "Investing 60% of cash in RGAGX"
  Assets:US:Vanguard:RGAGX                          2.354 RGAGX {152.95 USD, 2022-01-24}
  Assets:US:Vanguard:Cash                         -360.04 USD

2022-02-04 * "Employer match for contribution"
  Assets:US:Vanguard:Cash                          600.00 USD
  Income:US:BayBook:Match401k                     -600.00 USD

2022-02-07 * "Investing 40% of cash in VBMPX"
  Assets:US:Vanguard:VBMPX                          5.615 VBMPX {85.48 USD, 2022-02-07}
  Assets:US:Vanguard:Cash                         -479.97 USD

2022-02-07 * "Investing 60% of cash in RGAGX"
  Assets:US:Vanguard:RGAGX                          4.779 RGAGX {150.67 USD, 2022-02-07}
  Assets:US:Vanguard:Cash                         -720.05 USD

2022-02-07 * "Investing 40% of cash in VBMPX"
  Assets:US:Vanguard:VBMPX                          2.808 VBMPX {85.48 USD, 2022-02-07}
  Assets:US:Vanguard:Cash                         -240.03 USD

2022-02-07 * "Investing 60% of cash in RGAGX"
  Assets:US:Vanguard:RGAGX                          2.389 RGAGX {150.67 USD, 2022-02-07}
  Assets:US:Vanguard:Cash                         -359.95 USD

2022-02-18 * "Employer match for contribution"
  Assets:US:Vanguard:Cash                          600.00 USD
  Income:US:BayBook:Match401k                     -600.00 USD

2022-02-21 * "Investing 40% of cash in VBMPX"
  Assets:US:Vanguard:VBMPX                          5.708 VBMPX {84.10 USD, 2022-02-21}
  Assets:US:Vanguard:Cash                         -480.04 USD

2022-02-21 * "Investing 60% of cash in RGAGX"
  Assets:US:Vanguard:RGAGX                          4.867 RGAGX {147.95 USD, 2022-02-21}
  Assets:US:Vanguard:Cash                         -720.07 USD

2022-02-21 * "Investing 40% of cash in VBMPX"
  Assets:US:Vanguard:VBMPX                          2.853 VBMPX {84.10 USD, 2022-02-21}
  Assets:US:Vanguard:Cash                         -239.94 USD

2022-02-21 * "Investing 60% of cash in RGAGX"
  Assets:US:Vanguard:RGAGX                          2.433 RGAGX {147.95 USD, 2022-02-21}
  Assets:US:Vanguard:Cash                         -359.96 USD

2022-03-04 * "Employer match for contribution"
  Assets:US:Vanguard:Cash                          600.00 USD
  Income:US:BayBook:Match401k                     -600.00 USD

2022-03-07 * "Investing 40% of cash in VBMPX"
  Assets:US:Vanguard:VBMPX                          5.644 VBMPX {85.05 USD, 2022-03-07}
  Assets:US:Vanguard:Cash                         -480.02 USD

2022-03-07 * "Investing 60% of cash in RGAGX"
  Assets:US:Vanguard:RGAGX                          5.032 RGAGX {143.09 USD, 2022-03-07}
  Assets:US:Vanguard:Cash                         -720.03 USD

2022-03-07 * "Investing 40% of cash in VBMPX"
  Assets:US:Vanguard:VBMPX                          2.822 VBMPX {85.05 USD, 2022-03-07}
  Assets:US:Vanguard:Cash                         -240.01 USD

2022-03-07 * "Investing 60% of cash in RGAGX"
  Assets:US:Vanguard:RGAGX                          2.516 RGAGX {143.09 USD, 2022-03-07}
  Assets:US:Vanguard:Cash                         -360.01 USD

2022-03-18 * "Employer match for contribution"
  Assets:US:Vanguard:Cash                          600.00 USD
  Income:US:BayBook:Match401k                     -600.00 USD

2022-03-21 * "Investing 40% of cash in VBMPX"
  Assets:US:Vanguard:VBMPX                          5.665 VBMPX {84.72 USD, 2022-03-21}
  Assets:US:Vanguard:Cash                         -479.94 USD

2022-03-21 * "Investing 60% of cash in RGAGX"
  Assets:US:Vanguard:RGAGX                          4.825 RGAGX {149.21 USD, 2022-03-21}
  Assets:US:Vanguard:Cash                         -719.94 USD

2022-03-21 * "Investing 40% of cash in VBMPX"
  Assets:US:Vanguard:VBMPX                          2.833 VBMPX {84.72 USD, 2022-03-21}
  Assets:US:Vanguard:Cash                         -240.01 USD

2022-03-21 * "Investing 60% of cash in RGAGX"
  Assets:US:Vanguard:RGAGX                          2.413 RGAGX {149.21 USD, 2022-03-21}
  Assets:US:Vanguard:Cash                         -360.04 USD

2022-04-01 * "Employer match for contribution"
  Assets:US:Vanguard:Cash                          600.00 USD
  Income:US:BayBook:Match401k                     -600.00 USD

2022-04-04 * "Investing 40% of cash in VBMPX"
  Assets:US:Vanguard:VBMPX                          5.689 VBMPX {84.37 USD, 2022-04-04}
  Assets:US:Vanguard:Cash                         -479.98 USD

2022-04-04 * "Investing 60% of cash in RGAGX"
  Assets:US:Vanguard:RGAGX                          4.867 RGAGX {147.93 USD, 2022-04-04}
  Assets:US:Vanguard:Cash                         -719.98 USD

2022-04-04 * "Investing 40% of cash in VBMPX"
  Assets:US:Vanguard:VBMPX                          2.845 VBMPX {84.37 USD, 2022-04-04}
  Assets:US:Vanguard:Cash                         -240.03 USD

2022-04-04 * "Investing 60% of cash in RGAGX"
  Assets:US:Vanguard:RGAGX                          2.434 RGAGX {147.93 USD, 2022-04-04}
  Assets:US:Vanguard:Cash                         -360.06 USD

2022-04-15 * "Employer match for contribution"
  Assets:US:Vanguard:Cash                          600.00 USD
  Income:US:BayBook:Match401k                     -600.00 USD

2022-04-18 * "Investing 40% of cash in VBMPX"
  Assets:US:Vanguard:VBMPX                          5.759 VBMPX {83.34 USD, 2022-04-18}
  Assets:US:Vanguard:Cash                         -479.96 USD

2022-04-18 * "Investing 60% of cash in RGAGX"
  Assets:US:Vanguard:RGAGX                          5.139 RGAGX {140.09 USD, 2022-04-18}
  Assets:US:Vanguard:Cash                         -719.92 USD

2022-04-18 * "Investing 40% of cash in VBMPX"
  Assets:US:Vanguard:VBMPX                          2.880 VBMPX {83.34 USD, 2022-04-18}
  Assets:US:Vanguard:Cash                         -240.02 USD

2022-04-18 * "Investing 60% of cash in RGAGX"
  Assets:US:Vanguard:RGAGX                          2.570 RGAGX {140.09 USD, 2022-04-18}
  Assets:US:Vanguard:Cash                         -360.03 USD

2022-04-29 * "Employer match for contribution"
  Assets:US:Vanguard:Cash                          600.00 USD
  Income:US:BayBook:Match401k                     -600.00 USD

2022-05-02 * "Investing 40% of cash in VBMPX"
  Assets:US:Vanguard:VBMPX                          5.738 VBMPX {83.65 USD, 2022-05-02}
  Assets:US:Vanguard:Cash                         -479.98 USD

2022-05-02 * "Investing 60% of cash in RGAGX"
  Assets:US:Vanguard:RGAGX                          5.066 RGAGX {142.12 USD, 2022-05-02}
  Assets:US:Vanguard:Cash                         -719.98 USD

2022-05-02 * "Investing 40% of cash in VBMPX"
  Assets:US:Vanguard:VBMPX                          2.869 VBMPX {83.65 USD, 2022-05-02}
  Assets:US:Vanguard:Cash                         -239.99 USD

2022-05-02 * "Investing 60% of cash in RGAGX"
  Assets:US:Vanguard:RGAGX                          2.533 RGAGX {142.12 USD, 2022-05-02}
  Assets:US:Vanguard:Cash                         -359.99 USD

2022-05-13 * "Employer match for contribution"
  Assets:US:Vanguard:Cash                          600.00 USD
  Income:US:BayBook:Match401k                     -600.00 USD

2022-05-16 * "Investing 40% of cash in VBMPX"
  Assets:US:Vanguard:VBMPX                          5.789 VBMPX {82.92 USD, 2022-05-16}
  Assets:US:Vanguard:Cash                         -480.02 USD

2022-05-16 * "Investing 60% of cash in RGAGX"
  Assets:US:Vanguard:RGAGX                          5.045 RGAGX {142.73 USD, 2022-05-16}
  Assets:US:Vanguard:Cash                         -720.07 USD

2022-05-16 * "Investing 40% of cash in VBMPX"
  Assets:US:Vanguard:VBMPX                          2.894 VBMPX {82.92 USD, 2022-05-16}
  Assets:US:Vanguard:Cash                         -239.97 USD

2022-05-16 * "Investing 60% of cash in RGAGX"
  Assets:US:Vanguard:RGAGX                          2.522 RGAGX {142.73 USD, 2022-05-16}
  Assets:US:Vanguard:Cash                         -359.97 USD

2022-05-27 * "Employer match for contribution"
  Assets:US:Vanguard:Cash                          600.00 USD
  Income:US:BayBook:Match401k                     -600.00 USD

2022-05-30 * "Investing 40% of cash in VBMPX"
  Assets:US:Vanguard:VBMPX                          5.740 VBMPX {83.63 USD, 2022-05-30}
  Assets:US:Vanguard:Cash                         -480.04 USD

2022-05-30 * "Investing 60% of cash in RGAGX"
  Assets:US:Vanguard:RGAGX                          5.041 RGAGX {142.83 USD, 2022-05-30}
  Assets:US:Vanguard:Cash                         -720.01 USD

2022-05-30 * "Investing 40% of cash in VBMPX"
  Assets:US:Vanguard:VBMPX                          2.870 VBMPX {83.63 USD, 2022-05-30}
  Assets:US:Vanguard:Cash                         -240.02 USD

2022-05-30 * "Investing 60% of cash in RGAGX"
  Assets:US:Vanguard:RGAGX                          2.521 RGAGX {142.83 USD, 2022-05-30}
  Assets:US:Vanguard:Cash                         -360.07 USD

2022-06-10 * "Employer match for contribution"
  Assets:US:Vanguard:Cash                          600.00 USD
  Income:US:BayBook:Match401k                     -600.00 USD

2022-06-13 * "Investing 40% of cash in VBMPX"
  Assets:US:Vanguard:VBMPX                          5.728 VBMPX {83.79 USD, 2022-06-13}
  Assets:US:Vanguard:Cash                         -479.95 USD

2022-06-13 * "Investing 60% of cash in RGAGX"
  Assets:US:Vanguard:RGAGX                          5.019 RGAGX {143.45 USD, 2022-06-13}
  Assets:US:Vanguard:Cash                         -719.98 USD

2022-06-13 * "Investing 40% of cash in VBMPX"
  Assets:US:Vanguard:VBMPX                          2.864 VBMPX {83.79 USD, 2022-06-13}
  Assets:US:Vanguard:Cash                         -239.97 USD

2022-06-13 * "Investing 60% of cash in RGAGX"
  Assets:US:Vanguard:RGAGX                          2.510 RGAGX {143.45 USD, 2022-06-13}
  Assets:US:Vanguard:Cash                         -360.06 USD

2022-06-24 * "Employer match for contribution"
  Assets:US:Vanguard:Cash                          600.00 USD
  Income:US:BayBook:Match401k                     -600.00 USD

2022-06-27 * "Investing 40% of cash in VBMPX"
  Assets:US:Vanguard:VBMPX                          5.682 VBMPX {84.47 USD, 2022-06-27}
  Assets:US:Vanguard:Cash                         -479.96 USD

2022-06-27 * "Investing 60% of cash in RGAGX"
  Assets:US:Vanguard:RGAGX                          5.074 RGAGX {141.89 USD, 2022-06-27}
  Assets:US:Vanguard:Cash                         -719.95 USD

2022-06-27 * "Investing 40% of cash in VBMPX"
  Assets:US:Vanguard:VBMPX                          2.841 VBMPX {84.47 USD, 2022-06-27}
  Assets:US:Vanguard:Cash                         -239.98 USD

2022-06-27 * "Investing 60% of cash in RGAGX"
  Assets:US:Vanguard:RGAGX                          2.537 RGAGX {141.89 USD, 2022-06-27}
  Assets:US:Vanguard:Cash                         -359.97 USD

2022-07-08 * "Employer match for contribution"
  Assets:US:Vanguard:Cash                          600.00 USD
  Income:US:BayBook:Match401k                     -600.00 USD

2022-07-11 * "Investing 40% of cash in VBMPX"
  Assets:US:Vanguard:VBMPX                          5.761 VBMPX {83.32 USD, 2022-07-11}
  Assets:US:Vanguard:Cash                         -480.01 USD

2022-07-11 * "Investing 60% of cash in RGAGX"
  Assets:US:Vanguard:RGAGX                          5.105 RGAGX {141.06 USD, 2022-07-11}
  Assets:US:Vanguard:Cash                         -720.11 USD

2022-07-11 * "Investing 40% of cash in VBMPX"
  Assets:US:Vanguard:VBMPX                          2.880 VBMPX {83.32 USD, 2022-07-11}
  Assets:US:Vanguard:Cash                         -239.96 USD

2022-07-11 * "Investing 60% of cash in RGAGX"
  Assets:US:Vanguard:RGAGX                          2.552 RGAGX {141.06 USD, 2022-07-11}
  Assets:US:Vanguard:Cash                         -359.99 USD

2022-07-22 * "Employer match for contribution"
  Assets:US:Vanguard:Cash                          600.00 USD
  Income:US:BayBook:Match401k                     -600.00 USD

2022-07-25 * "Investing 40% of cash in VBMPX"
  Assets:US:Vanguard:VBMPX                          5.753 VBMPX {83.44 USD, 2022-07-25}
  Assets:US:Vanguard:Cash                         -480.03 USD

2022-07-25 * "Investing 60% of cash in RGAGX"
  Assets:US:Vanguard:RGAGX                          5.046 RGAGX {142.70 USD, 2022-07-25}
  Assets:US:Vanguard:Cash                         -720.06 USD

2022-07-25 * "Investing 40% of cash in VBMPX"
  Assets:US:Vanguard:VBMPX                          2.876 VBMPX {83.44 USD, 2022-07-25}
  Assets:US:Vanguard:Cash                         -239.97 USD

2022-07-25 * "Investing 60% of cash in RGAGX"
  Assets:US:Vanguard:RGAGX                          2.523 RGAGX {142.70 USD, 2022-07-25}
  Assets:US:Vanguard:Cash                         -360.03 USD

2022-08-05 * "Employer match for contribution"
  Assets:US:Vanguard:Cash                          250.00 USD
  Income:US:BayBook:Match401k                     -250.00 USD

2022-08-08 * "Investing 40% of cash in VBMPX"
  Assets:US:Vanguard:VBMPX                          2.413 VBMPX {82.87 USD, 2022-08-08}
  Assets:US:Vanguard:Cash                         -199.97 USD

2022-08-08 * "Investing 60% of cash in RGAGX"
  Assets:US:Vanguard:RGAGX                          2.110 RGAGX {142.14 USD, 2022-08-08}
  Assets:US:Vanguard:Cash                         -299.92 USD

2022-08-08 * "Investing 40% of cash in VBMPX"
  Assets:US:Vanguard:VBMPX                          1.207 VBMPX {82.87 USD, 2022-08-08}
  Assets:US:Vanguard:Cash                         -100.02 USD

2022-08-08 * "Investing 60% of cash in RGAGX"
  Assets:US:Vanguard:RGAGX                          1.056 RGAGX {142.14 USD, 2022-08-08}
  Assets:US:Vanguard:Cash                         -150.10 USD

2023-01-06 * "Employer match for contribution"
  Assets:US:Vanguard:Cash                          600.00 USD
  Income:US:BayBook:Match401k                     -600.00 USD

2023-01-09 * "Investing 40% of cash in VBMPX"
  Assets:US:Vanguard:VBMPX                          5.554 VBMPX {86.42 USD, 2023-01-09}
  Assets:US:Vanguard:Cash                         -479.98 USD

2023-01-09 * "Investing 60% of cash in RGAGX"
  Assets:US:Vanguard:RGAGX                          5.514 RGAGX {130.58 USD, 2023-01-09}
  Assets:US:Vanguard:Cash                         -720.02 USD

2023-01-09 * "Investing 40% of cash in VBMPX"
  Assets:US:Vanguard:VBMPX                          2.777 VBMPX {86.42 USD, 2023-01-09}
  Assets:US:Vanguard:Cash                         -239.99 USD

2023-01-09 * "Investing 60% of cash in RGAGX"
  Assets:US:Vanguard:RGAGX                          2.757 RGAGX {130.58 USD, 2023-01-09}
  Assets:US:Vanguard:Cash                         -360.01 USD

2023-01-20 * "Employer match for contribution"
  Assets:US:Vanguard:Cash                          600.00 USD
  Income:US:BayBook:Match401k                     -600.00 USD

2023-01-23 * "Investing 40% of cash in VBMPX"
  Assets:US:Vanguard:VBMPX                          5.592 VBMPX {85.83 USD, 2023-01-23}
  Assets:US:Vanguard:Cash                         -479.96 USD

2023-01-23 * "Investing 60% of cash in RGAGX"
  Assets:US:Vanguard:RGAGX                          5.479 RGAGX {131.41 USD, 2023-01-23}
  Assets:US:Vanguard:Cash                         -720.00 USD

2023-01-23 * "Investing 40% of cash in VBMPX"
  Assets:US:Vanguard:VBMPX                          2.796 VBMPX {85.83 USD, 2023-01-23}
  Assets:US:Vanguard:Cash                         -239.98 USD

2023-01-23 * "Investing 60% of cash in RGAGX"
  Assets:US:Vanguard:RGAGX                          2.739 RGAGX {131.41 USD, 2023-01-23}
  Assets:US:Vanguard:Cash                         -359.93 USD

2023-02-03 * "Employer match for contribution"
  Assets:US:Vanguard:Cash                          600.00 USD
  Income:US:BayBook:Match401k                     -600.00 USD

2023-02-06 * "Investing 40% of cash in VBMPX"
  Assets:US:Vanguard:VBMPX                          5.603 VBMPX {85.68 USD, 2023-02-06}
  Assets:US:Vanguard:Cash                         -480.07 USD

2023-02-06 * "Investing 60% of cash in RGAGX"
  Assets:US:Vanguard:RGAGX                          5.563 RGAGX {129.44 USD, 2023-02-06}
  Assets:US:Vanguard:Cash                         -720.07 USD

2023-02-06 * "Investing 40% of cash in VBMPX"
  Assets:US:Vanguard:VBMPX                          2.801 VBMPX {85.68 USD, 2023-02-06}
  Assets:US:Vanguard:Cash                         -239.99 USD

2023-02-06 * "Investing 60% of cash in RGAGX"
  Assets:US:Vanguard:RGAGX                          2.781 RGAGX {129.44 USD, 2023-02-06}
  Assets:US:Vanguard:Cash                         -359.97 USD

2023-02-17 * "Employer match for contribution"
  Assets:US:Vanguard:Cash                          600.00 USD
  Income:US:BayBook:Match401k                     -600.00 USD

2023-02-20 * "Investing 40% of cash in VBMPX"
  Assets:US:Vanguard:VBMPX                          5.636 VBMPX {85.16 USD, 2023-02-20}
  Assets:US:Vanguard:Cash                         -479.96 USD

2023-02-20 * "Investing 60% of cash in RGAGX"
  Assets:US:Vanguard:RGAGX                          5.746 RGAGX {125.30 USD, 2023-02-20}
  Assets:US:Vanguard:Cash                         -719.97 USD

2023-02-20 * "Investing 40% of cash in VBMPX"
  Assets:US:Vanguard:VBMPX                          2.818 VBMPX {85.16 USD, 2023-02-20}
  Assets:US:Vanguard:Cash                         -239.98 USD

2023-02-20 * "Investing 60% of cash in RGAGX"
  Assets:US:Vanguard:RGAGX                          2.873 RGAGX {125.30 USD, 2023-02-20}
  Assets:US:Vanguard:Cash                         -359.99 USD

2023-03-03 * "Employer match for contribution"
  Assets:US:Vanguard:Cash                          600.00 USD
  Income:US:BayBook:Match401k                     -600.00 USD

2023-03-06 * "Investing 40% of cash in VBMPX"
  Assets:US:Vanguard:VBMPX                          5.725 VBMPX {83.84 USD, 2023-03-06}
  Assets:US:Vanguard:Cash                         -479.98 USD

2023-03-06 * "Investing 60% of cash in RGAGX"
  Assets:US:Vanguard:RGAGX                          5.845 RGAGX {123.18 USD, 2023-03-06}
  Assets:US:Vanguard:Cash                         -719.99 USD

2023-03-06 * "Investing 40% of cash in VBMPX"
  Assets:US:Vanguard:VBMPX                          2.863 VBMPX {83.84 USD, 2023-03-06}
  Assets:US:Vanguard:Cash                         -240.03 USD

2023-03-06 * "Investing 60% of cash in RGAGX"
  Assets:US:Vanguard:RGAGX                          2.923 RGAGX {123.18 USD, 2023-03-06}
  Assets:US:Vanguard:Cash                         -360.06 USD

2023-03-17 * "Employer match for contribution"
  Assets:US:Vanguard:Cash                          600.00 USD
  Income:US:BayBook:Match401k                     -600.00 USD

2023-03-20 * "Investing 40% of cash in VBMPX"
  Assets:US:Vanguard:VBMPX                          5.705 VBMPX {84.14 USD, 2023-03-20}
  Assets:US:Vanguard:Cash                         -480.02 USD

2023-03-20 * "Investing 60% of cash in RGAGX"
  Assets:US:Vanguard:RGAGX                          5.778 RGAGX {124.60 USD, 2023-03-20}
  Assets:US:Vanguard:Cash                         -719.94 USD

2023-03-20 * "Investing 40% of cash in VBMPX"
  Assets:US:Vanguard:VBMPX                          2.853 VBMPX {84.14 USD, 2023-03-20}
  Assets:US:Vanguard:Cash                         -240.05 USD

2023-03-20 * "Investing 60% of cash in RGAGX"
  Assets:US:Vanguard:RGAGX                          2.889 RGAGX {124.60 USD, 2023-03-20}
  Assets:US:Vanguard:Cash                         -359.97 USD

2023-03-31 * "Employer match for contribution"
  Assets:US:Vanguard:Cash                          600.00 USD
  Income:US:BayBook:Match401k                     -600.00 USD

2023-04-03 * "Investing 40% of cash in VBMPX"
  Assets:US:Vanguard:VBMPX                          5.747 VBMPX {83.52 USD, 2023-04-03}
  Assets:US:Vanguard:Cash                         -479.99 USD

2023-04-03 * "Investing 60% of cash in RGAGX"
  Assets:US:Vanguard:RGAGX                          5.889 RGAGX {122.27 USD, 2023-04-03}
  Assets:US:Vanguard:Cash                         -720.05 USD

2023-04-03 * "Investing 40% of cash in VBMPX"
  Assets:US:Vanguard:VBMPX                          2.873 VBMPX {83.52 USD, 2023-04-03}
  Assets:US:Vanguard:Cash                         -239.95 USD

2023-04-03 * "Investing 60% of cash in RGAGX"
  Assets:US:Vanguard:RGAGX                          2.944 RGAGX {122.27 USD, 2023-04-03}
  Assets:US:Vanguard:Cash                         -359.96 USD

2023-04-14 * "Employer match for contribution"
  Assets:US:Vanguard:Cash                          600.00 USD
  Income:US:BayBook:Match401k                     -600.00 USD

2023-04-17 * "Investing 40% of cash in VBMPX"
  Assets:US:Vanguard:VBMPX                          5.603 VBMPX {85.68 USD, 2023-04-17}
  Assets:US:Vanguard:Cash                         -480.07 USD

2023-04-17 * "Investing 60% of cash in RGAGX"
  Assets:US:Vanguard:RGAGX                          5.666 RGAGX {127.08 USD, 2023-04-17}
  Assets:US:Vanguard:Cash                         -720.04 USD

2023-04-17 * "Investing 40% of cash in VBMPX"
  Assets:US:Vanguard:VBMPX                          2.801 VBMPX {85.68 USD, 2023-04-17}
  Assets:US:Vanguard:Cash                         -239.99 USD

2023-04-17 * "Investing 60% of cash in RGAGX"
  Assets:US:Vanguard:RGAGX                          2.833 RGAGX {127.08 USD, 2023-04-17}
  Assets:US:Vanguard:Cash                         -360.02 USD

2023-04-28 * "Employer match for contribution"
  Assets:US:Vanguard:Cash                          600.00 USD
  Income:US:BayBook:Match401k                     -600.00 USD

2023-05-01 * "Investing 40% of cash in VBMPX"
  Assets:US:Vanguard:VBMPX                          5.582 VBMPX {85.98 USD, 2023-05-01}
  Assets:US:Vanguard:Cash                         -479.94 USD

2023-05-01 * "Investing 60% of cash in RGAGX"
  Assets:US:Vanguard:RGAGX                          5.456 RGAGX {131.97 USD, 2023-05-01}
  Assets:US:Vanguard:Cash                         -720.03 USD

2023-05-01 * "Investing 40% of cash in VBMPX"
  Assets:US:Vanguard:VBMPX                          2.791 VBMPX {85.98 USD, 2023-05-01}
  Assets:US:Vanguard:Cash                         -239.97 USD

2023-05-01 * "Investing 60% of cash in RGAGX"
  Assets:US:Vanguard:RGAGX                          2.728 RGAGX {131.97 USD, 2023-05-01}
  Assets:US:Vanguard:Cash                         -360.01 USD

2023-05-12 * "Employer match for contribution"
  Assets:US:Vanguard:Cash                          600.00 USD
  Income:US:BayBook:Match401k                     -600.00 USD

2023-05-15 * "Investing 40% of cash in VBMPX"
  Assets:US:Vanguard:VBMPX                          5.645 VBMPX {85.03 USD, 2023-05-15}
  Assets:US:Vanguard:Cash                         -479.99 USD

2023-05-15 * "Investing 60% of cash in RGAGX"
  Assets:US:Vanguard:RGAGX                          5.556 RGAGX {129.59 USD, 2023-05-15}
  Assets:US:Vanguard:Cash                         -720.00 USD

2023-05-15 * "Investing 40% of cash in VBMPX"
  Assets:US:Vanguard:VBMPX                          2.823 VBMPX {85.03 USD, 2023-05-15}
  Assets:US:Vanguard:Cash                         -240.04 USD

2023-05-15 * "Investing 60% of cash in RGAGX"
  Assets:US:Vanguard:RGAGX                          2.778 RGAGX {129.59 USD, 2023-05-15}
  Assets:US:Vanguard:Cash                         -360.00 USD

2023-05-26 * "Employer match for contribution"
  Assets:US:Vanguard:Cash                          600.00 USD
  Income:US:BayBook:Match401k                     -600.00 USD

2023-05-29 * "Investing 40% of cash in VBMPX"
  Assets:US:Vanguard:VBMPX                          5.585 VBMPX {85.94 USD, 2023-05-29}
  Assets:US:Vanguard:Cash                         -479.97 USD

2023-05-29 * "Investing 60% of cash in RGAGX"
  Assets:US:Vanguard:RGAGX                          5.520 RGAGX {130.44 USD, 2023-05-29}
  Assets:US:Vanguard:Cash                         -720.03 USD

2023-05-29 * "Investing 40% of cash in VBMPX"
  Assets:US:Vanguard:VBMPX                          2.793 VBMPX {85.94 USD, 2023-05-29}
  Assets:US:Vanguard:Cash                         -240.03 USD

2023-05-29 * "Investing 60% of cash in RGAGX"
  Assets:US:Vanguard:RGAGX                          2.760 RGAGX {130.44 USD, 2023-05-29}
  Assets:US:Vanguard:Cash                         -360.01 USD

2023-06-09 * "Employer match for contribution"
  Assets:US:Vanguard:Cash                          600.00 USD
  Income:US:BayBook:Match401k                     -600.00 USD

2023-06-12 * "Investing 40% of cash in VBMPX"
  Assets:US:Vanguard:VBMPX                          5.629 VBMPX {85.27 USD, 2023-06-12}
  Assets:US:Vanguard:Cash                         -479.98 USD

2023-06-12 * "Investing 60% of cash in RGAGX"
  Assets:US:Vanguard:RGAGX                          5.591 RGAGX {128.77 USD, 2023-06-12}
  Assets:US:Vanguard:Cash                         -719.95 USD

2023-06-12 * "Investing 40% of cash in VBMPX"
  Assets:US:Vanguard:VBMPX                          2.815 VBMPX {85.27 USD, 2023-06-12}
  Assets:US:Vanguard:Cash                         -240.04 USD

2023-06-12 * "Investing 60% of cash in RGAGX"
  Assets:US:Vanguard:RGAGX                          2.796 RGAGX {128.77 USD, 2023-06-12}
  Assets:US:Vanguard:Cash                         -360.04 USD

2023-06-23 * "Employer match for contribution"
  Assets:US:Vanguard:Cash                          600.00 USD
  Income:US:BayBook:Match401k                     -600.00 USD

2023-06-26 * "Investing 40% of cash in VBMPX"
  Assets:US:Vanguard:VBMPX                          5.588 VBMPX {85.89 USD, 2023-06-26}
  Assets:US:Vanguard:Cash                         -479.95 USD

2023-06-26 * "Investing 60% of cash in RGAGX"
  Assets:US:Vanguard:RGAGX                          5.465 RGAGX {131.75 USD, 2023-06-26}
  Assets:US:Vanguard:Cash                         -720.01 USD

2023-06-26 * "Investing 40% of cash in VBMPX"
  Assets:US:Vanguard:VBMPX                          2.794 VBMPX {85.89 USD, 2023-06-26}
  Assets:US:Vanguard:Cash                         -239.98 USD

2023-06-26 * "Investing 60% of cash in RGAGX"
  Assets:US:Vanguard:RGAGX                          2.732 RGAGX {131.75 USD, 2023-06-26}
  Assets:US:Vanguard:Cash                         -359.94 USD

2023-07-07 * "Employer match for contribution"
  Assets:US:Vanguard:Cash                          600.00 USD
  Income:US:BayBook:Match401k                     -600.00 USD

2023-07-10 * "Investing 40% of cash in VBMPX"
  Assets:US:Vanguard:VBMPX                          5.451 VBMPX {88.06 USD, 2023-07-10}
  Assets:US:Vanguard:Cash                         -480.02 USD

2023-07-10 * "Investing 60% of cash in RGAGX"
  Assets:US:Vanguard:RGAGX                          5.214 RGAGX {138.10 USD, 2023-07-10}
  Assets:US:Vanguard:Cash                         -720.05 USD

2023-07-10 * "Investing 40% of cash in VBMPX"
  Assets:US:Vanguard:VBMPX                          2.725 VBMPX {88.06 USD, 2023-07-10}
  Assets:US:Vanguard:Cash                         -239.96 USD

2023-07-10 * "Investing 60% of cash in RGAGX"
  Assets:US:Vanguard:RGAGX                          2.607 RGAGX {138.10 USD, 2023-07-10}
  Assets:US:Vanguard:Cash                         -360.03 USD

2023-07-21 * "Employer match for contribution"
  Assets:US:Vanguard:Cash                          600.00 USD
  Income:US:BayBook:Match401k                     -600.00 USD

2023-07-24 * "Investing 40% of cash in VBMPX"
  Assets:US:Vanguard:VBMPX                          5.424 VBMPX {88.49 USD, 2023-07-24}
  Assets:US:Vanguard:Cash                         -479.97 USD

2023-07-24 * "Investing 60% of cash in RGAGX"
  Assets:US:Vanguard:RGAGX                          5.210 RGAGX {138.19 USD, 2023-07-24}
  Assets:US:Vanguard:Cash                         -719.97 USD

2023-07-24 * "Investing 40% of cash in VBMPX"
  Assets:US:Vanguard:VBMPX                          2.712 VBMPX {88.49 USD, 2023-07-24}
  Assets:US:Vanguard:Cash                         -239.98 USD

2023-07-24 * "Investing 60% of cash in RGAGX"
  Assets:US:Vanguard:RGAGX                          2.605 RGAGX {138.19 USD, 2023-07-24}
  Assets:US:Vanguard:Cash                         -359.98 USD

2023-08-04 * "Employer match for contribution"
  Assets:US:Vanguard:Cash                          250.00 USD
  Income:US:BayBook:Match401k                     -250.00 USD

2023-08-07 * "Investing 40% of cash in VBMPX"
  Assets:US:Vanguard:VBMPX                          2.261 VBMPX {88.49 USD, 2023-08-07}
  Assets:US:Vanguard:Cash                         -200.08 USD

2023-08-07 * "Investing 60% of cash in RGAGX"
  Assets:US:Vanguard:RGAGX                          2.172 RGAGX {138.17 USD, 2023-08-07}
  Assets:US:Vanguard:Cash                         -300.11 USD

2023-08-07 * "Investing 40% of cash in VBMPX"
  Assets:US:Vanguard:VBMPX                          1.130 VBMPX {88.49 USD, 2023-08-07}
  Assets:US:Vanguard:Cash                          -99.99 USD

2023-08-07 * "Investing 60% of cash in RGAGX"
  Assets:US:Vanguard:RGAGX                          1.085 RGAGX {138.17 USD, 2023-08-07}
  Assets:US:Vanguard:Cash                         -149.91 USD

2024-01-05 * "Employer match for contribution"
  Assets:US:Vanguard:Cash                          600.00 USD
  Income:US:BayBook:Match401k                     -600.00 USD

2024-01-08 * "Investing 40% of cash in VBMPX"
  Assets:US:Vanguard:VBMPX                          5.445 VBMPX {88.16 USD, 2024-01-08}
  Assets:US:Vanguard:Cash                         -480.03 USD

2024-01-08 * "Investing 60% of cash in RGAGX"
  Assets:US:Vanguard:RGAGX                          5.933 RGAGX {121.35 USD, 2024-01-08}
  Assets:US:Vanguard:Cash                         -719.97 USD

2024-01-08 * "Investing 40% of cash in VBMPX"
  Assets:US:Vanguard:VBMPX                          2.722 VBMPX {88.16 USD, 2024-01-08}
  Assets:US:Vanguard:Cash                         -239.97 USD

2024-01-08 * "Investing 60% of cash in RGAGX"
  Assets:US:Vanguard:RGAGX                          2.967 RGAGX {121.35 USD, 2024-01-08}
  Assets:US:Vanguard:Cash                         -360.05 USD

2024-01-19 * "Employer match for contribution"
  Assets:US:Vanguard:Cash                          600.00 USD
  Income:US:BayBook:Match401k                     -600.00 USD

2024-01-22 * "Investing 40% of cash in VBMPX"
  Assets:US:Vanguard:VBMPX                          5.557 VBMPX {86.38 USD, 2024-01-22}
  Assets:US:Vanguard:Cash                         -480.01 USD

2024-01-22 * "Investing 60% of cash in RGAGX"
  Assets:US:Vanguard:RGAGX                          5.766 RGAGX {124.86 USD, 2024-01-22}
  Assets:US:Vanguard:Cash                         -719.94 USD

2024-01-22 * "Investing 40% of cash in VBMPX"
  Assets:US:Vanguard:VBMPX                          2.779 VBMPX {86.38 USD, 2024-01-22}
  Assets:US:Vanguard:Cash                         -240.05 USD

2024-01-22 * "Investing 60% of cash in RGAGX"
  Assets:US:Vanguard:RGAGX                          2.883 RGAGX {124.86 USD, 2024-01-22}
  Assets:US:Vanguard:Cash                         -359.97 USD

2024-02-02 * "Employer match for contribution"
  Assets:US:Vanguard:Cash                          600.00 USD
  Income:US:BayBook:Match401k                     -600.00 USD

2024-02-05 * "Investing 40% of cash in VBMPX"
  Assets:US:Vanguard:VBMPX                          5.489 VBMPX {87.44 USD, 2024-02-05}
  Assets:US:Vanguard:Cash                         -479.96 USD

2024-02-05 * "Investing 60% of cash in RGAGX"
  Assets:US:Vanguard:RGAGX                          5.723 RGAGX {125.81 USD, 2024-02-05}
  Assets:US:Vanguard:Cash                         -720.01 USD

2024-02-05 * "Investing 40% of cash in VBMPX"
  Assets:US:Vanguard:VBMPX                          2.745 VBMPX {87.44 USD, 2024-02-05}
  Assets:US:Vanguard:Cash                         -240.02 USD

2024-02-05 * "Investing 60% of cash in RGAGX"
  Assets:US:Vanguard:RGAGX                          2.862 RGAGX {125.81 USD, 2024-02-05}
  Assets:US:Vanguard:Cash                         -360.07 USD



* Sources of Income

2022-01-01 open Income:US:BayBook:Salary                      USD
2022-01-01 open Income:US:BayBook:GroupTermLife               USD
2022-01-01 open Income:US:BayBook:Vacation                    VACHR
2022-01-01 open Assets:US:BayBook:Vacation                    VACHR
2022-01-01 open Expenses:Vacation                               VACHR
2022-01-01 open Expenses:Health:Life:GroupTermLife
2022-01-01 open Expenses:Health:Medical:Insurance
2022-01-01 open Expenses:Health:Dental:Insurance
2022-01-01 open Expenses:Health:Vision:Insurance

2022-01-01 event "employer" "BayBook, 1501 Billow Rd, Benlo Park, CA"

2022-01-06 * "BayBook" "Payroll"
  Assets:US:BofA:Checking                         1350.60 USD
  Assets:US:Vanguard:Cash                         1200.00 USD
  Income:US:BayBook:Salary                       -4615.38 USD
  Income:US:BayBook:GroupTermLife                  -24.32 USD
  Expenses:Health:Life:GroupTermLife                24.32 USD
  Expenses:Health:Dental:Insurance                   2.90 USD
  Expenses:Health:Medical:Insurance                 27.38 USD
  Expenses:Health:Vision:Insurance                  42.30 USD
  Expenses:Taxes:Y2022:US:Medicare                 106.62 USD
  Expenses:Taxes:Y2022:US:Federal                 1062.92 USD
  Expenses:Taxes:Y2022:US:State                    365.08 USD
  Expenses:Taxes:Y2022:US:CityNYC                  174.92 USD
  Expenses:Taxes:Y2022:US:SDI                        1.12 USD
  Expenses:Taxes:Y2022:US:SocSec                   281.54 USD
  Assets:US:Federal:PreTax401k                   -1200.00 IRAUSD
  Expenses:Taxes:Y2022:US:Federal:PreTax401k      1200.00 IRAUSD
  Assets:US:BayBook:Vacation                            5 VACHR
  Income:US:BayBook:Vacation                           -5 VACHR

2022-01-20 * "BayBook" "Payroll"
  Assets:US:BofA:Checking                         1350.60 USD
  Assets:US:Vanguard:Cash                         1200.00 USD
  Income:US:BayBook:Salary                       -4615.38 USD
  Income:US:BayBook:GroupTermLife                  -24.32 USD
  Expenses:Health:Life:GroupTermLife                24.32 USD
  Expenses:Health:Dental:Insurance                   2.90 USD
  Expenses:Health:Medical:Insurance                 27.38 USD
  Expenses:Health:Vision:Insurance                  42.30 USD
  Expenses:Taxes:Y2022:US:Medicare                 106.62 USD
  Expenses:Taxes:Y2022:US:Federal                 1062.92 USD
  Expenses:Taxes:Y2022:US:State                    365.08 USD
  Expenses:Taxes:Y2022:US:CityNYC                  174.92 USD
  Expenses:Taxes:Y2022:US:SDI                        1.12 USD
  Expenses:Taxes:Y2022:US:SocSec                   281.54 USD
  Assets:US:Federal:PreTax401k                   -1200.00 IRAUSD
  Expenses:Taxes:Y2022:US:Federal:PreTax401k      1200.00 IRAUSD
  Assets:US:BayBook:Vacation                            5 VACHR
  Income:US:BayBook:Vacation                           -5 VACHR

2022-02-03 * "BayBook" "Payroll"
  Assets:US:BofA:Checking                         1350.60 USD
  Assets:US:Vanguard:Cash                         1200.00 USD
  Income:US:BayBook:Salary                       -4615.38 USD
  Income:US:BayBook:GroupTermLife                  -24.32 USD
  Expenses:Health:Life:GroupTermLife                24.32 USD
  Expenses:Health:Dental:Insurance                   2.90 USD
  Expenses:Health:Medical:Insurance                 27.38 USD
  Expenses:Health:Vision:Insurance                  42.30 USD
  Expenses:Taxes:Y2022:US:Medicare                 106.62 USD
  Expenses:Taxes:Y2022:US:Federal                 1062.92 USD
  Expenses:Taxes:Y2022:US:State                    365.08 USD
  Expenses:Taxes:Y2022:US:CityNYC                  174.92 USD
  Expenses:Taxes:Y2022:US:SDI                        1.12 USD
  Expenses:Taxes:Y2022:US:SocSec                   281.54 USD
  Assets:US:Federal:PreTax401k                   -1200.00 IRAUSD
  Expenses:Taxes:Y2022:US:Federal:PreTax401k      1200.00 IRAUSD
  Assets:US:BayBook:Vacation                            5 VACHR
  Income:US:BayBook:Vacation                           -5 VACHR

2022-02-17 * "BayBook" "Payroll"
  Assets:US:BofA:Checking                         1350.60 USD
  Assets:US:Vanguard:Cash                         1200.00 USD
  Income:US:BayBook:Salary                       -4615.38 USD
  Income:US:BayBook:GroupTermLife                  -24.32 USD
  Expenses:Health:Life:GroupTermLife                24.32 USD
  Expenses:Health:Dental:Insurance                   2.90 USD
  Expenses:Health:Medical:Insurance                 27.38 USD
  Expenses:Health:Vision:Insurance                  42.30 USD
  Expenses:Taxes:Y2022:US:Medicare                 106.62 USD
  Expenses:Taxes:Y2022:US:Federal                 1062.92 USD
  Expenses:Taxes:Y2022:US:State                    365.08 USD
  Expenses:Taxes:Y2022:US:CityNYC                  174.92 USD
  Expenses:Taxes:Y2022:US:SDI                        1.12 USD
  Expenses:Taxes:Y2022:US:SocSec                   281.54 USD
  Assets:US:Federal:PreTax401k                   -1200.00 IRAUSD
  Expenses:Taxes:Y2022:US:Federal:PreTax401k      1200.00 IRAUSD
  Assets:US:BayBook:Vacation                            5 VACHR
  Income:US:BayBook:Vacation                           -5 VACHR

2022-03-03 * "BayBook" "Payroll"
  Assets:US:BofA:Checking                         1350.60 USD
  Assets:US:Vanguard:Cash                         1200.00 USD
  Income:US:BayBook:Salary                       -4615.38 USD
  Income:US:BayBook:GroupTermLife                  -24.32 USD
  Expenses:Health:Life:GroupTermLife                24.32 USD
  Expenses:Health:Dental:Insurance                   2.90 USD
  Expenses:Health:Medical:Insurance                 27.38 USD
  Expenses:Health:Vision:Insurance                  42.30 USD
  Expenses:Taxes:Y2022:US:Medicare                 106.62 USD
  Expenses:Taxes:Y2022:US:Federal                 1062.92 USD
  Expenses:Taxes:Y2022:US:State                    365.08 USD
  Expenses:Taxes:Y2022:US:CityNYC                  174.92 USD
  Expenses:Taxes:Y2022:US:SDI                        1.12 USD
  Expenses:Taxes:Y2022:US:SocSec                   281.54 USD
  Assets:US:Federal:PreTax401k                   -1200.00 IRAUSD
  Expenses:Taxes:Y2022:US:Federal:PreTax401k      1200.00 IRAUSD
  Assets:US:BayBook:Vacation                            5 VACHR
  Income:US:BayBook:Vacation                           -5 VACHR

2022-03-17 * "BayBook" "Payroll"
  Assets:US:BofA:Checking                         1350.60 USD
  Assets:US:Vanguard:Cash                         1200.00 USD
  Income:US:BayBook:Salary                       -4615.38 USD
  Income:US:BayBook:GroupTermLife                  -24.32 USD
  Expenses:Health:Life:GroupTermLife                24.32 USD
  Expenses:Health:Dental:Insurance                   2.90 USD
  Expenses:Health:Medical:Insurance                 27.38 USD
  Expenses:Health:Vision:Insurance                  42.30 USD
  Expenses:Taxes:Y2022:US:Medicare                 106.62 USD
  Expenses:Taxes:Y2022:US:Federal                 1062.92 USD
  Expenses:Taxes:Y2022:US:State                    365.08 USD
  Expenses:Taxes:Y2022:US:CityNYC                  174.92 USD
  Expenses:Taxes:Y2022:US:SDI                        1.12 USD
  Expenses:Taxes:Y2022:US:SocSec                   281.54 USD
  Assets:US:Federal:PreTax401k                   -1200.00 IRAUSD
  Expenses:Taxes:Y2022:US:Federal:PreTax401k      1200.00 IRAUSD
  Assets:US:BayBook:Vacation                            5 VACHR
  Income:US:BayBook:Vacation                           -5 VACHR

2022-03-31 * "BayBook" "Payroll"
  Assets:US:BofA:Checking                         1350.60 USD
  Assets:US:Vanguard:Cash                         1200.00 USD
  Income:US:BayBook:Salary                       -4615.38 USD
  Income:US:BayBook:GroupTermLife                  -24.32 USD
  Expenses:Health:Life:GroupTermLife                24.32 USD
  Expenses:Health:Dental:Insurance                   2.90 USD
  Expenses:Health:Medical:Insurance                 27.38 USD
  Expenses:Health:Vision:Insurance                  42.30 USD
  Expenses:Taxes:Y2022:US:Medicare                 106.62 USD
  Expenses:Taxes:Y2022:US:Federal                 1062.92 USD
  Expenses:Taxes:Y2022:US:State                    365.08 USD
  Expenses:Taxes:Y2022:US:CityNYC                  174.92 USD
  Expenses:Taxes:Y2022:US:SDI                        1.12 USD
  Expenses:Taxes:Y2022:US:SocSec                   281.54 USD
  Assets:US:Federal:PreTax401k                   -1200.00 IRAUSD
  Expenses:Taxes:Y2022:US:Federal:PreTax401k      1200.00 IRAUSD
  Assets:US:BayBook:Vacation                            5 VACHR
  Income:US:BayBook:Vacation                           -5 VACHR

2022-04-14 * "BayBook" "Payroll"
  Assets:US:BofA:Checking                         1350.60 USD
  Assets:US:Vanguard:Cash                         1200.00 USD
  Income:US:BayBook:Salary                       -4615.38 USD
  Income:US:BayBook:GroupTermLife                  -24.32 USD
  Expenses:Health:Life:GroupTermLife                24.32 USD
  Expenses:Health:Dental:Insurance                   2.90 USD
  Expenses:Health:Medical:Insurance                 27.38 USD
  Expenses:Health:Vision:Insurance                  42.30 USD
  Expenses:Taxes:Y2022:US:Medicare                 106.62 USD
  Expenses:Taxes:Y2022:US:Federal                 1062.92 USD
  Expenses:Taxes:Y2022:US:State                    365.08 USD
  Expenses:Taxes:Y2022:US:CityNYC                  174.92 USD
  Expenses:Taxes:Y2022:US:SDI                        1.12 USD
  Expenses:Taxes:Y2022:US:SocSec                   281.54 USD
  Assets:US:Federal:PreTax401k                   -1200.00 IRAUSD
  Expenses:Taxes:Y2022:US:Federal:PreTax401k      1200.00 IRAUSD
  Assets:US:BayBook:Vacation                            5 VACHR
  Income:US:BayBook:Vacation                           -5 VACHR

2022-04-28 * "BayBook" "Payroll"
  Assets:US:BofA:Checking                         1350.60 USD
  Assets:US:Vanguard:Cash                         1200.00 USD
  Income:US:BayBook:Salary                       -4615.38 USD
  Income:US:BayBook:GroupTermLife                  -24.32 USD
  Expenses:Health:Life:GroupTermLife                24.32 USD
  Expenses:Health:Dental:Insurance                   2.90 USD
  Expenses:Health:Medical:Insurance                 27.38 USD
  Expenses:Health:Vision:Insurance                  42.30 USD
  Expenses:Taxes:Y2022:US:Medicare                 106.62 USD
  Expenses:Taxes:Y2022:US:Federal                 1062.92 USD
  Expenses:Taxes:Y2022:US:State                    365.08 USD
  Expenses:Taxes:Y2022:US:CityNYC                  174.92 USD
  Expenses:Taxes:Y2022:US:SDI                        1.12 USD
  Expenses:Taxes:Y2022:US:SocSec                   281.54 USD
  Assets:US:Federal:PreTax401k                   -1200.00 IRAUSD
  Expenses:Taxes:Y2022:US:Federal:PreTax401k      1200.00 IRAUSD
  Assets:US:BayBook:Vacation                            5 VACHR
  Income:US:BayBook:Vacation                           -5 VACHR

2022-05-12 * "BayBook" "Payroll"
  Assets:US:BofA:Checking                         1350.60 USD
  Assets:US:Vanguard:Cash                         1200.00 USD
  Income:US:BayBook:Salary                       -4615.38 USD
  Income:US:BayBook:GroupTermLife                  -24.32 USD
  Expenses:Health:Life:GroupTermLife                24.32 USD
  Expenses:Health:Dental:Insurance                   2.90 USD
  Expenses:Health:Medical:Insurance                 27.38 USD
  Expenses:Health:Vision:Insurance                  42.30 USD
  Expenses:Taxes:Y2022:US:Medicare                 106.62 USD
  Expenses:Taxes:Y2022:US:Federal                 1062.92 USD
  Expenses:Taxes:Y2022:US:State                    365.08 USD
  Expenses:Taxes:Y2022:US:CityNYC                  174.92 USD
  Expenses:Taxes:Y2022:US:SDI                        1.12 USD
  Expenses:Taxes:Y2022:US:SocSec                   281.54 USD
  Assets:US:Federal:PreTax401k                   -1200.00 IRAUSD
  Expenses:Taxes:Y2022:US:Federal:PreTax401k      1200.00 IRAUSD
  Assets:US:BayBook:Vacation                            5 VACHR
  Income:US:BayBook:Vacation                           -5 VACHR

2022-05-26 * "BayBook" "Payroll"
  Assets:US:BofA:Checking                         1350.60 USD
  Assets:US:Vanguard:Cash                         1200.00 USD
  Income:US:BayBook:Salary                       -4615.38 USD
  Income:US:BayBook:GroupTermLife                  -24.32 USD
  Expenses:Health:Life:GroupTermLife                24.32 USD
  Expenses:Health:Dental:Insurance                   2.90 USD
  Expenses:Health:Medical:Insurance                 27.38 USD
  Expenses:Health:Vision:Insurance                  42.30 USD
  Expenses:Taxes:Y2022:US:Medicare                 106.62 USD
  Expenses:Taxes:Y2022:US:Federal                 1062.92 USD
  Expenses:Taxes:Y2022:US:State                    365.08 USD
  Expenses:Taxes:Y2022:US:CityNYC                  174.92 USD
  Expenses:Taxes:Y2022:US:SDI                        1.12 USD
  Expenses:Taxes:Y2022:US:SocSec                   281.54 USD
  Assets:US:Federal:PreTax401k                   -1200.00 IRAUSD
  Expenses:Taxes:Y2022:US:Federal:PreTax401k      1200.00 IRAUSD
  Assets:US:BayBook:Vacation                            5 VACHR
  Income:US:BayBook:Vacation                           -5 VACHR

2022-06-09 * "BayBook" "Payroll"
  Assets:US:BofA:Checking                         1350.60 USD
  Assets:US:Vanguard:Cash                         1200.00 USD
  Income:US:BayBook:Salary                       -4615.38 USD
  Income:US:BayBook:GroupTermLife                  -24.32 USD
  Expenses:Health:Life:GroupTermLife                24.32 USD
  Expenses:Health:Dental:Insurance                   2.90 USD
  Expenses:Health:Medical:Insurance                 27.38 USD
  Expenses:Health:Vision:Insurance                  42.30 USD
  Expenses:Taxes:Y2022:US:Medicare                 106.62 USD
  Expenses:Taxes:Y2022:US:Federal                 1062.92 USD
  Expenses:Taxes:Y2022:US:State                    365.08 USD
  Expenses:Taxes:Y2022:US:CityNYC                  174.92 USD
  Expenses:Taxes:Y2022:US:SDI                        1.12 USD
  Expenses:Taxes:Y2022:US:SocSec                   281.54 USD
  Assets:US:Federal:PreTax401k                   -1200.00 IRAUSD
  Expenses:Taxes:Y2022:US:Federal:PreTax401k      1200.00 IRAUSD
  Assets:US:BayBook:Vacation                            5 VACHR
  Income:US:BayBook:Vacation                           -5 VACHR

2022-06-23 * "BayBook" "Payroll"
  Assets:US:BofA:Checking                         1350.60 USD
  Assets:US:Vanguard:Cash                         1200.00 USD
  Income:US:BayBook:Salary                       -4615.38 USD
  Income:US:BayBook:GroupTermLife                  -24.32 USD
  Expenses:Health:Life:GroupTermLife                24.32 USD
  Expenses:Health:Dental:Insurance                   2.90 USD
  Expenses:Health:Medical:Insurance                 27.38 USD
  Expenses:Health:Vision:Insurance                  42.30 USD
  Expenses:Taxes:Y2022:US:Medicare                 106.62 USD
  Expenses:Taxes:Y2022:US:Federal                 1062.92 USD
  Expenses:Taxes:Y2022:US:State                    365.08 USD
  Expenses:Taxes:Y2022:US:CityNYC                  174.92 USD
  Expenses:Taxes:Y2022:US:SDI                        1.12 USD
  Expenses:Taxes:Y2022:US:SocSec                   281.54 USD
  Assets:US:Federal:PreTax401k                   -1200.00 IRAUSD
  Expenses:Taxes:Y2022:US:Federal:PreTax401k      1200.00 IRAUSD
  Assets:US:BayBook:Vacation                            5 VACHR
  Income:US:BayBook:Vacation                           -5 VACHR

2022-07-07 * "BayBook" "Payroll"
  Assets:US:BofA:Checking                         1350.60 USD
  Assets:US:Vanguard:Cash                         1200.00 USD
  Income:US:BayBook:Salary                       -4615.38 USD
  Income:US:BayBook:GroupTermLife                  -24.32 USD
  Expenses:Health:Life:GroupTermLife                24.32 USD
  Expenses:Health:Dental:Insurance                   2.90 USD
  Expenses:Health:Medical:Insurance                 27.38 USD
  Expenses:Health:Vision:Insurance                  42.30 USD
  Expenses:Taxes:Y2022:US:Medicare                 106.62 USD
  Expenses:Taxes:Y2022:US:Federal                 1062.92 USD
  Expenses:Taxes:Y2022:US:State                    365.08 USD
  Expenses:Taxes:Y2022:US:CityNYC                  174.92 USD
  Expenses:Taxes:Y2022:US:SDI                        1.12 USD
  Expenses:Taxes:Y2022:US:SocSec                   281.54 USD
  Assets:US:Federal:PreTax401k                   -1200.00 IRAUSD
  Expenses:Taxes:Y2022:US:Federal:PreTax401k      1200.00 IRAUSD
  Assets:US:BayBook:Vacation                            5 VACHR
  Income:US:BayBook:Vacation                           -5 VACHR

2022-07-21 * "BayBook" "Payroll"
  Assets:US:BofA:Checking                         1350.60 USD
  Assets:US:Vanguard:Cash                         1200.00 USD
  Income:US:BayBook:Salary                       -4615.38 USD
  Income:US:BayBook:GroupTermLife                  -24.32 USD
  Expenses:Health:Life:GroupTermLife                24.32 USD
  Expenses:Health:Dental:Insurance                   2.90 USD
  Expenses:Health:Medical:Insurance                 27.38 USD
  Expenses:Health:Vision:Insurance                  42.30 USD
  Expenses:Taxes:Y2022:US:Medicare                 106.62 USD
  Expenses:Taxes:Y2022:US:Federal                 1062.92 USD
  Expenses:Taxes:Y2022:US:State                    365.08 USD
  Expenses:Taxes:Y2022:US:CityNYC                  174.92 USD
  Expenses:Taxes:Y2022:US:SDI                        1.12 USD
  Expenses:Taxes:Y2022:US:SocSec                   281.54 USD
  Assets:US:Federal:PreTax401k                   -1200.00 IRAUSD
  Expenses:Taxes:Y2022:US:Federal:PreTax401k      1200.00 IRAUSD
  Assets:US:BayBook:Vacation                            5 VACHR
  Income:US:BayBook:Vacation                           -5 VACHR

2022-08-04 * "BayBook" "Payroll"
  Assets:US:BofA:Checking                         2050.60 USD
  Assets:US:Vanguard:Cash                          500.00 USD
  Income:US:BayBook:Salary                       -4615.38 USD
  Income:US:BayBook:GroupTermLife                  -24.32 USD
  Expenses:Health:Life:GroupTermLife                24.32 USD
  Expenses:Health:Dental:Insurance                   2.90 USD
  Expenses:Health:Medical:Insurance                 27.38 USD
  Expenses:Health:Vision:Insurance                  42.30 USD
  Expenses:Taxes:Y2022:US:Medicare                 106.62 USD
  Expenses:Taxes:Y2022:US:Federal                 1062.92 USD
  Expenses:Taxes:Y2022:US:State                    365.08 USD
  Expenses:Taxes:Y2022:US:CityNYC                  174.92 USD
  Expenses:Taxes:Y2022:US:SDI                        1.12 USD
  Expenses:Taxes:Y2022:US:SocSec                   281.54 USD
  Assets:US:Federal:PreTax401k                    -500.00 IRAUSD
  Expenses:Taxes:Y2022:US:Federal:PreTax401k       500.00 IRAUSD
  Assets:US:BayBook:Vacation                            5 VACHR
  Income:US:BayBook:Vacation                           -5 VACHR

2022-08-18 * "BayBook" "Payroll"
  Assets:US:BofA:Checking                         2550.60 USD
  Income:US:BayBook:Salary                       -4615.38 USD
  Income:US:BayBook:GroupTermLife                  -24.32 USD
  Expenses:Health:Life:GroupTermLife                24.32 USD
  Expenses:Health:Dental:Insurance                   2.90 USD
  Expenses:Health:Medical:Insurance                 27.38 USD
  Expenses:Health:Vision:Insurance                  42.30 USD
  Expenses:Taxes:Y2022:US:Medicare                 106.62 USD
  Expenses:Taxes:Y2022:US:Federal                 1062.92 USD
  Expenses:Taxes:Y2022:US:State                    365.08 USD
  Expenses:Taxes:Y2022:US:CityNYC                  174.92 USD
  Expenses:Taxes:Y2022:US:SDI                        1.12 USD
  Expenses:Taxes:Y2022:US:SocSec                   281.54 USD
  Assets:US:Federal:PreTax401k                       0.00 IRAUSD
  Assets:US:BayBook:Vacation                            5 VACHR
  Income:US:BayBook:Vacation                           -5 VACHR

2022-09-01 * "BayBook" "Payroll"
  Assets:US:BofA:Checking                         2550.60 USD
  Income:US:BayBook:Salary                       -4615.38 USD
  Income:US:BayBook:GroupTermLife                  -24.32 USD
  Expenses:Health:Life:GroupTermLife                24.32 USD
  Expenses:Health:Dental:Insurance                   2.90 USD
  Expenses:Health:Medical:Insurance                 27.38 USD
  Expenses:Health:Vision:Insurance                  42.30 USD
  Expenses:Taxes:Y2022:US:Medicare                 106.62 USD
  Expenses:Taxes:Y2022:US:Federal                 1062.92 USD
  Expenses:Taxes:Y2022:US:State                    365.08 USD
  Expenses:Taxes:Y2022:US:CityNYC                  174.92 USD
  Expenses:Taxes:Y2022:US:SDI                        1.12 USD
  Expenses:Taxes:Y2022:US:SocSec                   281.54 USD
  Assets:US:Federal:PreTax401k                       0.00 IRAUSD
  Assets:US:BayBook:Vacation                            5 VACHR
  Income:US:BayBook:Vacation                           -5 VACHR

2022-09-15 * "BayBook" "Payroll"
  Assets:US:BofA:Checking                         2550.60 USD
  Income:US:BayBook:Salary                       -4615.38 USD
  Income:US:BayBook:GroupTermLife                  -24.32 USD
  Expenses:Health:Life:GroupTermLife                24.32 USD
  Expenses:Health:Dental:Insurance                   2.90 USD
  Expenses:Health:Medical:Insurance                 27.38 USD
  Expenses:Health:Vision:Insurance                  42.30 USD
  Expenses:Taxes:Y2022:US:Medicare                 106.62 USD
  Expenses:Taxes:Y2022:US:Federal                 1062.92 USD
  Expenses:Taxes:Y2022:US:State                    365.08 USD
  Expenses:Taxes:Y2022:US:CityNYC                  174.92 USD
  Expenses:Taxes:Y2022:US:SDI                        1.12 USD
  Expenses:Taxes:Y2022:US:SocSec                   281.54 USD
  Assets:US:Federal:PreTax401k                       0.00 IRAUSD
  Assets:US:BayBook:Vacation                            5 VACHR
  Income:US:BayBook:Vacation                           -5 VACHR

2022-09-29 * "BayBook" "Payroll"
  Assets:US:BofA:Checking                         2550.60 USD
  Income:US:BayBook:Salary                       -4615.38 USD
  Income:US:BayBook:GroupTermLife                  -24.32 USD
  Expenses:Health:Life:GroupTermLife                24.32 USD
  Expenses:Health:Dental:Insurance                   2.90 USD
  Expenses:Health:Medical:Insurance                 27.38 USD
  Expenses:Health:Vision:Insurance                  42.30 USD
  Expenses:Taxes:Y2022:US:Medicare                 106.62 USD
  Expenses:Taxes:Y2022:US:Federal                 1062.92 USD
  Expenses:Taxes:Y2022:US:State                    365.08 USD
  Expenses:Taxes:Y2022:US:CityNYC                  174.92 USD
  Expenses:Taxes:Y2022:US:SDI                        1.12 USD
  Expenses:Taxes:Y2022:US:SocSec                   281.54 USD
  Assets:US:Federal:PreTax401k                       0.00 IRAUSD
  Assets:US:BayBook:Vacation                            5 VACHR
  Income:US:BayBook:Vacation                           -5 VACHR

2022-10-13 * "BayBook" "Payroll"
  Assets:US:BofA:Checking                         2550.60 USD
  Income:US:BayBook:Salary                       -4615.38 USD
  Income:US:BayBook:GroupTermLife                  -24.32 USD
  Expenses:Health:Life:GroupTermLife                24.32 USD
  Expenses:Health:Dental:Insurance                   2.90 USD
  Expenses:Health:Medical:Insurance                 27.38 USD
  Expenses:Health:Vision:Insurance                  42.30 USD
  Expenses:Taxes:Y2022:US:Medicare                 106.62 USD
  Expenses:Taxes:Y2022:US:Federal                 1062.92 USD
  Expenses:Taxes:Y2022:US:State                    365.08 USD
  Expenses:Taxes:Y2022:US:CityNYC                  174.92 USD
  Expenses:Taxes:Y2022:US:SDI                        1.12 USD
  Expenses:Taxes:Y2022:US:SocSec                   281.54 USD
  Assets:US:Federal:PreTax401k                       0.00 IRAUSD
  Assets:US:BayBook:Vacation                            5 VACHR
  Income:US:BayBook:Vacation                           -5 VACHR

2022-10-27 * "BayBook" "Payroll"
  Assets:US:BofA:Checking                         2550.60 USD
  Income:US:BayBook:Salary                       -4615.38 USD
  Income:US:BayBook:GroupTermLife                  -24.32 USD
  Expenses:Health:Life:GroupTermLife                24.32 USD
  Expenses:Health:Dental:Insurance                   2.90 USD
  Expenses:Health:Medical:Insurance                 27.38 USD
  Expenses:Health:Vision:Insurance                  42.30 USD
  Expenses:Taxes:Y2022:US:Medicare                 106.62 USD
  Expenses:Taxes:Y2022:US:Federal                 1062.92 USD
  Expenses:Taxes:Y2022:US:State                    365.08 USD
  Expenses:Taxes:Y2022:US:CityNYC                  174.92 USD
  Expenses:Taxes:Y2022:US:SDI                        1.12 USD
  Expenses:Taxes:Y2022:US:SocSec                   281.54 USD
  Assets:US:Federal:PreTax401k                       0.00 IRAUSD
  Assets:US:BayBook:Vacation                            5 VACHR
  Income:US:BayBook:Vacation                           -5 VACHR

2022-11-10 * "BayBook" "Payroll"
  Assets:US:BofA:Checking                         2550.60 USD
  Income:US:BayBook:Salary                       -4615.38 USD
  Income:US:BayBook:GroupTermLife                  -24.32 USD
  Expenses:Health:Life:GroupTermLife                24.32 USD
  Expenses:Health:Dental:Insurance                   2.90 USD
  Expenses:Health:Medical:Insurance                 27.38 USD
  Expenses:Health:Vision:Insurance                  42.30 USD
  Expenses:Taxes:Y2022:US:Medicare                 106.62 USD
  Expenses:Taxes:Y2022:US:Federal                 1062.92 USD
  Expenses:Taxes:Y2022:US:State                    365.08 USD
  Expenses:Taxes:Y2022:US:CityNYC                  174.92 USD
  Expenses:Taxes:Y2022:US:SDI                        1.12 USD
  Expenses:Taxes:Y2022:US:SocSec                   281.54 USD
  Assets:US:Federal:PreTax401k                       0.00 IRAUSD
  Assets:US:BayBook:Vacation                            5 VACHR
  Income:US:BayBook:Vacation                           -5 VACHR

2022-11-24 * "BayBook" "Payroll"
  Assets:US:BofA:Checking                         2550.60 USD
  Income:US:BayBook:Salary                       -4615.38 USD
  Income:US:BayBook:GroupTermLife                  -24.32 USD
  Expenses:Health:Life:GroupTermLife                24.32 USD
  Expenses:Health:Dental:Insurance                   2.90 USD
  Expenses:Health:Medical:Insurance                 27.38 USD
  Expenses:Health:Vision:Insurance                  42.30 USD
  Expenses:Taxes:Y2022:US:Medicare                 106.62 USD
  Expenses:Taxes:Y2022:US:Federal                 1062.92 USD
  Expenses:Taxes:Y2022:US:State                    365.08 USD
  Expenses:Taxes:Y2022:US:CityNYC                  174.92 USD
  Expenses:Taxes:Y2022:US:SDI                        1.12 USD
  Expenses:Taxes:Y2022:US:SocSec                   281.54 USD
  Assets:US:Federal:PreTax401k                       0.00 IRAUSD
  Assets:US:BayBook:Vacation                            5 VACHR
  Income:US:BayBook:Vacation                           -5 VACHR

2022-12-08 * "BayBook" "Payroll"
  Assets:US:BofA:Checking                         2589.06 USD
  Income:US:BayBook:Salary                       -4615.38 USD
  Income:US:BayBook:GroupTermLife                  -24.32 USD
  Expenses:Health:Life:GroupTermLife                24.32 USD
  Expenses:Health:Dental:Insurance                   2.90 USD
  Expenses:Health:Medical:Insurance                 27.38 USD
  Expenses:Health:Vision:Insurance                  42.30 USD
  Expenses:Taxes:Y2022:US:Medicare                 106.62 USD
  Expenses:Taxes:Y2022:US:Federal                 1062.92 USD
  Expenses:Taxes:Y2022:US:State                    365.08 USD
  Expenses:Taxes:Y2022:US:CityNYC                  174.92 USD
  Expenses:Taxes:Y2022:US:SDI                        1.12 USD
  Expenses:Taxes:Y2022:US:SocSec                   243.08 USD
  Assets:US:Federal:PreTax401k                       0.00 IRAUSD
  Assets:US:BayBook:Vacation                            5 VACHR
  Income:US:BayBook:Vacation                           -5 VACHR

2022-12-22 * "BayBook" "Payroll"
  Assets:US:BofA:Checking                         2832.14 USD
  Income:US:BayBook:Salary                       -4615.38 USD
  Income:US:BayBook:GroupTermLife                  -24.32 USD
  Expenses:Health:Life:GroupTermLife                24.32 USD
  Expenses:Health:Dental:Insurance                   2.90 USD
  Expenses:Health:Medical:Insurance                 27.38 USD
  Expenses:Health:Vision:Insurance                  42.30 USD
  Expenses:Taxes:Y2022:US:Medicare                 106.62 USD
  Expenses:Taxes:Y2022:US:Federal                 1062.92 USD
  Expenses:Taxes:Y2022:US:State                    365.08 USD
  Expenses:Taxes:Y2022:US:CityNYC                  174.92 USD
  Expenses:Taxes:Y2022:US:SDI                        1.12 USD
  Expenses:Taxes:Y2022:US:SocSec                     0.00 USD
  Assets:US:Federal:PreTax401k                       0.00 IRAUSD
  Assets:US:BayBook:Vacation                            5 VACHR
  Income:US:BayBook:Vacation                           -5 VACHR

2023-01-05 * "BayBook" "Payroll"
  Assets:US:BofA:Checking                         1350.60 USD
  Assets:US:Vanguard:Cash                         1200.00 USD
  Income:US:BayBook:Salary                       -4615.38 USD
  Income:US:BayBook:GroupTermLife                  -24.32 USD
  Expenses:Health:Life:GroupTermLife                24.32 USD
  Expenses:Health:Dental:Insurance                   2.90 USD
  Expenses:Health:Medical:Insurance                 27.38 USD
  Expenses:Health:Vision:Insurance                  42.30 USD
  Expenses:Taxes:Y2023:US:Medicare                 106.62 USD
  Expenses:Taxes:Y2023:US:Federal                 1062.92 USD
  Expenses:Taxes:Y2023:US:State                    365.08 USD
  Expenses:Taxes:Y2023:US:CityNYC                  174.92 USD
  Expenses:Taxes:Y2023:US:SDI                        1.12 USD
  Expenses:Taxes:Y2023:US:SocSec                   281.54 USD
  Assets:US:Federal:PreTax401k                   -1200.00 IRAUSD
  Expenses:Taxes:Y2023:US:Federal:PreTax401k      1200.00 IRAUSD
  Assets:US:BayBook:Vacation                            5 VACHR
  Income:US:BayBook:Vacation                           -5 VACHR

2023-01-19 * "BayBook" "Payroll"
  Assets:US:BofA:Checking                         1350.60 USD
  Assets:US:Vanguard:Cash                         1200.00 USD
  Income:US:BayBook:Salary                       -4615.38 USD
  Income:US:BayBook:GroupTermLife                  -24.32 USD
  Expenses:Health:Life:GroupTermLife                24.32 USD
  Expenses:Health:Dental:Insurance                   2.90 USD
  Expenses:Health:Medical:Insurance                 27.38 USD
  Expenses:Health:Vision:Insurance                  42.30 USD
  Expenses:Taxes:Y2023:US:Medicare                 106.62 USD
  Expenses:Taxes:Y2023:US:Federal                 1062.92 USD
  Expenses:Taxes:Y2023:US:State                    365.08 USD
  Expenses:Taxes:Y2023:US:CityNYC                  174.92 USD
  Expenses:Taxes:Y2023:US:SDI                        1.12 USD
  Expenses:Taxes:Y2023:US:SocSec                   281.54 USD
  Assets:US:Federal:PreTax401k                   -1200.00 IRAUSD
  Expenses:Taxes:Y2023:US:Federal:PreTax401k      1200.00 IRAUSD
  Assets:US:BayBook:Vacation                            5 VACHR
  Income:US:BayBook:Vacation                           -5 VACHR

2023-02-02 * "BayBook" "Payroll"
  Assets:US:BofA:Checking                         1350.60 USD
  Assets:US:Vanguard:Cash                         1200.00 USD
  Income:US:BayBook:Salary                       -4615.38 USD
  Income:US:BayBook:GroupTermLife                  -24.32 USD
  Expenses:Health:Life:GroupTermLife                24.32 USD
  Expenses:Health:Dental:Insurance                   2.90 USD
  Expenses:Health:Medical:Insurance                 27.38 USD
  Expenses:Health:Vision:Insurance                  42.30 USD
  Expenses:Taxes:Y2023:US:Medicare                 106.62 USD
  Expenses:Taxes:Y2023:US:Federal                 1062.92 USD
  Expenses:Taxes:Y2023:US:State                    365.08 USD
  Expenses:Taxes:Y2023:US:CityNYC                  174.92 USD
  Expenses:Taxes:Y2023:US:SDI                        1.12 USD
  Expenses:Taxes:Y2023:US:SocSec                   281.54 USD
  Assets:US:Federal:PreTax401k                   -1200.00 IRAUSD
  Expenses:Taxes:Y2023:US:Federal:PreTax401k      1200.00 IRAUSD
  Assets:US:BayBook:Vacation                            5 VACHR
  Income:US:BayBook:Vacation                           -5 VACHR

2023-02-16 * "BayBook" "Payroll"
  Assets:US:BofA:Checking                         1350.60 USD
  Assets:US:Vanguard:Cash                         1200.00 USD
  Income:US:BayBook:Salary                       -4615.38 USD
  Income:US:BayBook:GroupTermLife                  -24.32 USD
  Expenses:Health:Life:GroupTermLife                24.32 USD
  Expenses:Health:Dental:Insurance                   2.90 USD
  Expenses:Health:Medical:Insurance                 27.38 USD
  Expenses:Health:Vision:Insurance                  42.30 USD
  Expenses:Taxes:Y2023:US:Medicare                 106.62 USD
  Expenses:Taxes:Y2023:US:Federal                 1062.92 USD
  Expenses:Taxes:Y2023:US:State                    365.08 USD
  Expenses:Taxes:Y2023:US:CityNYC                  174.92 USD
  Expenses:Taxes:Y2023:US:SDI                        1.12 USD
  Expenses:Taxes:Y2023:US:SocSec                   281.54 USD
  Assets:US:Federal:PreTax401k                   -1200.00 IRAUSD
  Expenses:Taxes:Y2023:US:Federal:PreTax401k      1200.00 IRAUSD
  Assets:US:BayBook:Vacation                            5 VACHR
  Income:US:BayBook:Vacation                           -5 VACHR

2023-03-02 * "BayBook" "Payroll"
  Assets:US:BofA:Checking                         1350.60 USD
  Assets:US:Vanguard:Cash                         1200.00 USD
  Income:US:BayBook:Salary                       -4615.38 USD
  Income:US:BayBook:GroupTermLife                  -24.32 USD
  Expenses:Health:Life:GroupTermLife                24.32 USD
  Expenses:Health:Dental:Insurance                   2.90 USD
  Expenses:Health:Medical:Insurance                 27.38 USD
  Expenses:Health:Vision:Insurance                  42.30 USD
  Expenses:Taxes:Y2023:US:Medicare                 106.62 USD
  Expenses:Taxes:Y2023:US:Federal                 1062.92 USD
  Expenses:Taxes:Y2023:US:State                    365.08 USD
  Expenses:Taxes:Y2023:US:CityNYC                  174.92 USD
  Expenses:Taxes:Y2023:US:SDI                        1.12 USD
  Expenses:Taxes:Y2023:US:SocSec                   281.54 USD
  Assets:US:Federal:PreTax401k                   -1200.00 IRAUSD
  Expenses:Taxes:Y2023:US:Federal:PreTax401k      1200.00 IRAUSD
  Assets:US:BayBook:Vacation                            5 VACHR
  Income:US:BayBook:Vacation                           -5 VACHR

2023-03-16 * "BayBook" "Payroll"
  Assets:US:BofA:Checking                         1350.60 USD
  Assets:US:Vanguard:Cash                         1200.00 USD
  Income:US:BayBook:Salary                       -4615.38 USD
  Income:US:BayBook:GroupTermLife                  -24.32 USD
  Expenses:Health:Life:GroupTermLife                24.32 USD
  Expenses:Health:Dental:Insurance                   2.90 USD
  Expenses:Health:Medical:Insurance                 27.38 USD
  Expenses:Health:Vision:Insurance                  42.30 USD
  Expenses:Taxes:Y2023:US:Medicare                 106.62 USD
  Expenses:Taxes:Y2023:US:Federal                 1062.92 USD
  Expenses:Taxes:Y2023:US:State                    365.08 USD
  Expenses:Taxes:Y2023:US:CityNYC                  174.92 USD
  Expenses:Taxes:Y2023:US:SDI                        1.12 USD
  Expenses:Taxes:Y2023:US:SocSec                   281.54 USD
  Assets:US:Federal:PreTax401k                   -1200.00 IRAUSD
  Expenses:Taxes:Y2023:US:Federal:PreTax401k      1200.00 IRAUSD
  Assets:US:BayBook:Vacation                            5 VACHR
  Income:US:BayBook:Vacation                           -5 VACHR

2023-03-30 * "BayBook" "Payroll"
  Assets:US:BofA:Checking                         1350.60 USD
  Assets:US:Vanguard:Cash                         1200.00 USD
  Income:US:BayBook:Salary                       -4615.38 USD
  Income:US:BayBook:GroupTermLife                  -24.32 USD
  Expenses:Health:Life:GroupTermLife                24.32 USD
  Expenses:Health:Dental:Insurance                   2.90 USD
  Expenses:Health:Medical:Insurance                 27.38 USD
  Expenses:Health:Vision:Insurance                  42.30 USD
  Expenses:Taxes:Y2023:US:Medicare                 106.62 USD
  Expenses:Taxes:Y2023:US:Federal                 1062.92 USD
  Expenses:Taxes:Y2023:US:State                    365.08 USD
  Expenses:Taxes:Y2023:US:CityNYC                  174.92 USD
  Expenses:Taxes:Y2023:US:SDI                        1.12 USD
  Expenses:Taxes:Y2023:US:SocSec                   281.54 USD
  Assets:US:Federal:PreTax401k                   -1200.00 IRAUSD
  Expenses:Taxes:Y2023:US:Federal:PreTax401k      1200.00 IRAUSD
  Assets:US:BayBook:Vacation                            5 VACHR
  Income:US:BayBook:Vacation                           -5 VACHR

2023-04-13 * "BayBook" "Payroll"
  Assets:US:BofA:Checking                         1350.60 USD
  Assets:US:Vanguard:Cash                         1200.00 USD
  Income:US:BayBook:Salary                       -4615.38 USD
  Income:US:BayBook:GroupTermLife                  -24.32 USD
  Expenses:Health:Life:GroupTermLife                24.32 USD
  Expenses:Health:Dental:Insurance                   2.90 USD
  Expenses:Health:Medical:Insurance                 27.38 USD
  Expenses:Health:Vision:Insurance                  42.30 USD
  Expenses:Taxes:Y2023:US:Medicare                 106.62 USD
  Expenses:Taxes:Y2023:US:Federal                 1062.92 USD
  Expenses:Taxes:Y2023:US:State                    365.08 USD
  Expenses:Taxes:Y2023:US:CityNYC                  174.92 USD
  Expenses:Taxes:Y2023:US:SDI                        1.12 USD
  Expenses:Taxes:Y2023:US:SocSec                   281.54 USD
  Assets:US:Federal:PreTax401k                   -1200.00 IRAUSD
  Expenses:Taxes:Y2023:US:Federal:PreTax401k      1200.00 IRAUSD
  Assets:US:BayBook:Vacation                            5 VACHR
  Income:US:BayBook:Vacation                           -5 VACHR

2023-04-27 * "BayBook" "Payroll"
  Assets:US:BofA:Checking                         1350.60 USD
  Assets:US:Vanguard:Cash                         1200.00 USD
  Income:US:BayBook:Salary                       -4615.38 USD
  Income:US:BayBook:GroupTermLife                  -24.32 USD
  Expenses:Health:Life:GroupTermLife                24.32 USD
  Expenses:Health:Dental:Insurance                   2.90 USD
  Expenses:Health:Medical:Insurance                 27.38 USD
  Expenses:Health:Vision:Insurance                  42.30 USD
  Expenses:Taxes:Y2023:US:Medicare                 106.62 USD
  Expenses:Taxes:Y2023:US:Federal                 1062.92 USD
  Expenses:Taxes:Y2023:US:State                    365.08 USD
  Expenses:Taxes:Y2023:US:CityNYC                  174.92 USD
  Expenses:Taxes:Y2023:US:SDI                        1.12 USD
  Expenses:Taxes:Y2023:US:SocSec                   281.54 USD
  Assets:US:Federal:PreTax401k                   -1200.00 IRAUSD
  Expenses:Taxes:Y2023:US:Federal:PreTax401k      1200.00 IRAUSD
  Assets:US:BayBook:Vacation                            5 VACHR
  Income:US:BayBook:Vacation                           -5 VACHR

2023-05-11 * "BayBook" "Payroll"
  Assets:US:BofA:Checking                         1350.60 USD
  Assets:US:Vanguard:Cash                         1200.00 USD
  Income:US:BayBook:Salary                       -4615.38 USD
  Income:US:BayBook:GroupTermLife                  -24.32 USD
  Expenses:Health:Life:GroupTermLife                24.32 USD
  Expenses:Health:Dental:Insurance                   2.90 USD
  Expenses:Health:Medical:Insurance                 27.38 USD
  Expenses:Health:Vision:Insurance                  42.30 USD
  Expenses:Taxes:Y2023:US:Medicare                 106.62 USD
  Expenses:Taxes:Y2023:US:Federal                 1062.92 USD
  Expenses:Taxes:Y2023:US:State                    365.08 USD
  Expenses:Taxes:Y2023:US:CityNYC                  174.92 USD
  Expenses:Taxes:Y2023:US:SDI                        1.12 USD
  Expenses:Taxes:Y2023:US:SocSec                   281.54 USD
  Assets:US:Federal:PreTax401k                   -1200.00 IRAUSD
  Expenses:Taxes:Y2023:US:Federal:PreTax401k      1200.00 IRAUSD
  Assets:US:BayBook:Vacation                            5 VACHR
  Income:US:BayBook:Vacation                           -5 VACHR

2023-05-25 * "BayBook" "Payroll"
  Assets:US:BofA:Checking                         1350.60 USD
  Assets:US:Vanguard:Cash                         1200.00 USD
  Income:US:BayBook:Salary                       -4615.38 USD
  Income:US:BayBook:GroupTermLife                  -24.32 USD
  Expenses:Health:Life:GroupTermLife                24.32 USD
  Expenses:Health:Dental:Insurance                   2.90 USD
  Expenses:Health:Medical:Insurance                 27.38 USD
  Expenses:Health:Vision:Insurance                  42.30 USD
  Expenses:Taxes:Y2023:US:Medicare                 106.62 USD
  Expenses:Taxes:Y2023:US:Federal                 1062.92 USD
  Expenses:Taxes:Y2023:US:State                    365.08 USD
  Expenses:Taxes:Y2023:US:CityNYC                  174.92 USD
  Expenses:Taxes:Y2023:US:SDI                        1.12 USD
  Expenses:Taxes:Y2023:US:SocSec                   281.54 USD
  Assets:US:Federal:PreTax401k                   -1200.00 IRAUSD
  Expenses:Taxes:Y2023:US:Federal:PreTax401k      1200.00 IRAUSD
  Assets:US:BayBook:Vacation                            5 VACHR
  Income:US:BayBook:Vacation                           -5 VACHR

2023-06-08 * "BayBook" "Payroll"
  Assets:US:BofA:Checking                         1350.60 USD
  Assets:US:Vanguard:Cash                         1200.00 USD
  Income:US:BayBook:Salary                       -4615.38 USD
  Income:US:BayBook:GroupTermLife                  -24.32 USD
  Expenses:Health:Life:GroupTermLife                24.32 USD
  Expenses:Health:Dental:Insurance                   2.90 USD
  Expenses:Health:Medical:Insurance                 27.38 USD
  Expenses:Health:Vision:Insurance                  42.30 USD
  Expenses:Taxes:Y2023:US:Medicare                 106.62 USD
  Expenses:Taxes:Y2023:US:Federal                 1062.92 USD
  Expenses:Taxes:Y2023:US:State                    365.08 USD
  Expenses:Taxes:Y2023:US:CityNYC                  174.92 USD
  Expenses:Taxes:Y2023:US:SDI                        1.12 USD
  Expenses:Taxes:Y2023:US:SocSec                   281.54 USD
  Assets:US:Federal:PreTax401k                   -1200.00 IRAUSD
  Expenses:Taxes:Y2023:US:Federal:PreTax401k      1200.00 IRAUSD
  Assets:US:BayBook:Vacation                            5 VACHR
  Income:US:BayBook:Vacation                           -5 VACHR

2023-06-22 * "BayBook" "Payroll"
  Assets:US:BofA:Checking                         1350.60 USD
  Assets:US:Vanguard:Cash                         1200.00 USD
  Income:US:BayBook:Salary                       -4615.38 USD
  Income:US:BayBook:GroupTermLife                  -24.32 USD
  Expenses:Health:Life:GroupTermLife                24.32 USD
  Expenses:Health:Dental:Insurance                   2.90 USD
  Expenses:Health:Medical:Insurance                 27.38 USD
  Expenses:Health:Vision:Insurance                  42.30 USD
  Expenses:Taxes:Y2023:US:Medicare                 106.62 USD
  Expenses:Taxes:Y2023:US:Federal                 1062.92 USD
  Expenses:Taxes:Y2023:US:State                    365.08 USD
  Expenses:Taxes:Y2023:US:CityNYC                  174.92 USD
  Expenses:Taxes:Y2023:US:SDI                        1.12 USD
  Expenses:Taxes:Y2023:US:SocSec                   281.54 USD
  Assets:US:Federal:PreTax401k                   -1200.00 IRAUSD
  Expenses:Taxes:Y2023:US:Federal:PreTax401k      1200.00 IRAUSD
  Assets:US:BayBook:Vacation                            5 VACHR
  Income:US:BayBook:Vacation                           -5 VACHR

2023-07-06 * "BayBook" "Payroll"
  Assets:US:BofA:Checking                         1350.60 USD
  Assets:US:Vanguard:Cash                         1200.00 USD
  Income:US:BayBook:Salary                       -4615.38 USD
  Income:US:BayBook:GroupTermLife                  -24.32 USD
  Expenses:Health:Life:GroupTermLife                24.32 USD
  Expenses:Health:Dental:Insurance                   2.90 USD
  Expenses:Health:Medical:Insurance                 27.38 USD
  Expenses:Health:Vision:Insurance                  42.30 USD
  Expenses:Taxes:Y2023:US:Medicare                 106.62 USD
  Expenses:Taxes:Y2023:US:Federal                 1062.92 USD
  Expenses:Taxes:Y2023:US:State                    365.08 USD
  Expenses:Taxes:Y2023:US:CityNYC                  174.92 USD
  Expenses:Taxes:Y2023:US:SDI                        1.12 USD
  Expenses:Taxes:Y2023:US:SocSec                   281.54 USD
  Assets:US:Federal:PreTax401k                   -1200.00 IRAUSD
  Expenses:Taxes:Y2023:US:Federal:PreTax401k      1200.00 IRAUSD
  Assets:US:BayBook:Vacation                            5 VACHR
  Income:US:BayBook:Vacation                           -5 VACHR

2023-07-20 * "BayBook" "Payroll"
  Assets:US:BofA:Checking                         1350.60 USD
  Assets:US:Vanguard:Cash                         1200.00 USD
  Income:US:BayBook:Salary                       -4615.38 USD
  Income:US:BayBook:GroupTermLife                  -24.32 USD
  Expenses:Health:Life:GroupTermLife                24.32 USD
  Expenses:Health:Dental:Insurance                   2.90 USD
  Expenses:Health:Medical:Insurance                 27.38 USD
  Expenses:Health:Vision:Insurance                  42.30 USD
  Expenses:Taxes:Y2023:US:Medicare                 106.62 USD
  Expenses:Taxes:Y2023:US:Federal                 1062.92 USD
  Expenses:Taxes:Y2023:US:State                    365.08 USD
  Expenses:Taxes:Y2023:US:CityNYC                  174.92 USD
  Expenses:Taxes:Y2023:US:SDI                        1.12 USD
  Expenses:Taxes:Y2023:US:SocSec                   281.54 USD
  Assets:US:Federal:PreTax401k                   -1200.00 IRAUSD
  Expenses:Taxes:Y2023:US:Federal:PreTax401k      1200.00 IRAUSD
  Assets:US:BayBook:Vacation                            5 VACHR
  Income:US:BayBook:Vacation                           -5 VACHR

2023-08-03 * "BayBook" "Payroll"
  Assets:US:BofA:Checking                         2050.60 USD
  Assets:US:Vanguard:Cash                          500.00 USD
  Income:US:BayBook:Salary                       -4615.38 USD
  Income:US:BayBook:GroupTermLife                  -24.32 USD
  Expenses:Health:Life:GroupTermLife                24.32 USD
  Expenses:Health:Dental:Insurance                   2.90 USD
  Expenses:Health:Medical:Insurance                 27.38 USD
  Expenses:Health:Vision:Insurance                  42.30 USD
  Expenses:Taxes:Y2023:US:Medicare                 106.62 USD
  Expenses:Taxes:Y2023:US:Federal                 1062.92 USD
  Expenses:Taxes:Y2023:US:State                    365.08 USD
  Expenses:Taxes:Y2023:US:CityNYC                  174.92 USD
  Expenses:Taxes:Y2023:US:SDI                        1.12 USD
  Expenses:Taxes:Y2023:US:SocSec                   281.54 USD
  Assets:US:Federal:PreTax401k                    -500.00 IRAUSD
  Expenses:Taxes:Y2023:US:Federal:PreTax401k       500.00 IRAUSD
  Assets:US:BayBook:Vacation                            5 VACHR
  Income:US:BayBook:Vacation                           -5 VACHR

2023-08-17 * "BayBook" "Payroll"
  Assets:US:BofA:Checking                         2550.60 USD
  Income:US:BayBook:Salary                       -4615.38 USD
  Income:US:BayBook:GroupTermLife                  -24.32 USD
  Expenses:Health:Life:GroupTermLife                24.32 USD
  Expenses:Health:Dental:Insurance                   2.90 USD
  Expenses:Health:Medical:Insurance                 27.38 USD
  Expenses:Health:Vision:Insurance                  42.30 USD
  Expenses:Taxes:Y2023:US:Medicare                 106.62 USD
  Expenses:Taxes:Y2023:US:Federal                 1062.92 USD
  Expenses:Taxes:Y2023:US:State                    365.08 USD
  Expenses:Taxes:Y2023:US:CityNYC                  174.92 USD
  Expenses:Taxes:Y2023:US:SDI                        1.12 USD
  Expenses:Taxes:Y2023:US:SocSec                   281.54 USD
  Assets:US:Federal:PreTax401k                       0.00 IRAUSD
  Assets:US:BayBook:Vacation                            5 VACHR
  Income:US:BayBook:Vacation                           -5 VACHR

2023-08-31 * "BayBook" "Payroll"
  Assets:US:BofA:Checking                         2550.60 USD
  Income:US:BayBook:Salary                       -4615.38 USD
  Income:US:BayBook:GroupTermLife                  -24.32 USD
  Expenses:Health:Life:GroupTermLife                24.32 USD
  Expenses:Health:Dental:Insurance                   2.90 USD
  Expenses:Health:Medical:Insurance                 27.38 USD
  Expenses:Health:Vision:Insurance                  42.30 USD
  Expenses:Taxes:Y2023:US:Medicare                 106.62 USD
  Expenses:Taxes:Y2023:US:Federal                 1062.92 USD
  Expenses:Taxes:Y2023:US:State                    365.08 USD
  Expenses:Taxes:Y2023:US:CityNYC                  174.92 USD
  Expenses:Taxes:Y2023:US:SDI                        1.12 USD
  Expenses:Taxes:Y2023:US:SocSec                   281.54 USD
  Assets:US:Federal:PreTax401k                       0.00 IRAUSD
  Assets:US:BayBook:Vacation                            5 VACHR
  Income:US:BayBook:Vacation                           -5 VACHR

2023-09-14 * "BayBook" "Payroll"
  Assets:US:BofA:Checking                         2550.60 USD
  Income:US:BayBook:Salary                       -4615.38 USD
  Income:US:BayBook:GroupTermLife                  -24.32 USD
  Expenses:Health:Life:GroupTermLife                24.32 USD
  Expenses:Health:Dental:Insurance                   2.90 USD
  Expenses:Health:Medical:Insurance                 27.38 USD
  Expenses:Health:Vision:Insurance                  42.30 USD
  Expenses:Taxes:Y2023:US:Medicare                 106.62 USD
  Expenses:Taxes:Y2023:US:Federal                 1062.92 USD
  Expenses:Taxes:Y2023:US:State                    365.08 USD
  Expenses:Taxes:Y2023:US:CityNYC                  174.92 USD
  Expenses:Taxes:Y2023:US:SDI                        1.12 USD
  Expenses:Taxes:Y2023:US:SocSec                   281.54 USD
  Assets:US:Federal:PreTax401k                       0.00 IRAUSD
  Assets:US:BayBook:Vacation                            5 VACHR
  Income:US:BayBook:Vacation                           -5 VACHR

2023-09-28 * "BayBook" "Payroll"
  Assets:US:BofA:Checking                         2550.60 USD
  Income:US:BayBook:Salary                       -4615.38 USD
  Income:US:BayBook:GroupTermLife                  -24.32 USD
  Expenses:Health:Life:GroupTermLife                24.32 USD
  Expenses:Health:Dental:Insurance                   2.90 USD
  Expenses:Health:Medical:Insurance                 27.38 USD
  Expenses:Health:Vision:Insurance                  42.30 USD
  Expenses:Taxes:Y2023:US:Medicare                 106.62 USD
  Expenses:Taxes:Y2023:US:Federal                 1062.92 USD
  Expenses:Taxes:Y2023:US:State                    365.08 USD
  Expenses:Taxes:Y2023:US:CityNYC                  174.92 USD
  Expenses:Taxes:Y2023:US:SDI                        1.12 USD
  Expenses:Taxes:Y2023:US:SocSec                   281.54 USD
  Assets:US:Federal:PreTax401k                       0.00 IRAUSD
  Assets:US:BayBook:Vacation                            5 VACHR
  Income:US:BayBook:Vacation                           -5 VACHR

2023-10-12 * "BayBook" "Payroll"
  Assets:US:BofA:Checking                         2550.60 USD
  Income:US:BayBook:Salary                       -4615.38 USD
  Income:US:BayBook:GroupTermLife                  -24.32 USD
  Expenses:Health:Life:GroupTermLife                24.32 USD
  Expenses:Health:Dental:Insurance                   2.90 USD
  Expenses:Health:Medical:Insurance                 27.38 USD
  Expenses:Health:Vision:Insurance                  42.30 USD
  Expenses:Taxes:Y2023:US:Medicare                 106.62 USD
  Expenses:Taxes:Y2023:US:Federal                 1062.92 USD
  Expenses:Taxes:Y2023:US:State                    365.08 USD
  Expenses:Taxes:Y2023:US:CityNYC                  174.92 USD
  Expenses:Taxes:Y2023:US:SDI                        1.12 USD
  Expenses:Taxes:Y2023:US:SocSec                   281.54 USD
  Assets:US:Federal:PreTax401k                       0.00 IRAUSD
  Assets:US:BayBook:Vacation                            5 VACHR
  Income:US:BayBook:Vacation                           -5 VACHR

2023-10-26 * "BayBook" "Payroll"
  Assets:US:BofA:Checking                         2550.60 USD
  Income:US:BayBook:Salary                       -4615.38 USD
  Income:US:BayBook:GroupTermLife                  -24.32 USD
  Expenses:Health:Life:GroupTermLife                24.32 USD
  Expenses:Health:Dental:Insurance                   2.90 USD
  Expenses:Health:Medical:Insurance                 27.38 USD
  Expenses:Health:Vision:Insurance                  42.30 USD
  Expenses:Taxes:Y2023:US:Medicare                 106.62 USD
  Expenses:Taxes:Y2023:US:Federal                 1062.92 USD
  Expenses:Taxes:Y2023:US:State                    365.08 USD
  Expenses:Taxes:Y2023:US:CityNYC                  174.92 USD
  Expenses:Taxes:Y2023:US:SDI                        1.12 USD
  Expenses:Taxes:Y2023:US:SocSec                   281.54 USD
  Assets:US:Federal:PreTax401k                       0.00 IRAUSD
  Assets:US:BayBook:Vacation                            5 VACHR
  Income:US:BayBook:Vacation                           -5 VACHR

2023-11-09 * "BayBook" "Payroll"
  Assets:US:BofA:Checking                         2550.60 USD
  Income:US:BayBook:Salary                       -4615.38 USD
  Income:US:BayBook:GroupTermLife                  -24.32 USD
  Expenses:Health:Life:GroupTermLife                24.32 USD
  Expenses:Health:Dental:Insurance                   2.90 USD
  Expenses:Health:Medical:Insurance                 27.38 USD
  Expenses:Health:Vision:Insurance                  42.30 USD
  Expenses:Taxes:Y2023:US:Medicare                 106.62 USD
  Expenses:Taxes:Y2023:US:Federal                 1062.92 USD
  Expenses:Taxes:Y2023:US:State                    365.08 USD
  Expenses:Taxes:Y2023:US:CityNYC                  174.92 USD
  Expenses:Taxes:Y2023:US:SDI                        1.12 USD
  Expenses:Taxes:Y2023:US:SocSec                   281.54 USD
  Assets:US:Federal:PreTax401k                       0.00 IRAUSD
  Assets:US:BayBook:Vacation                            5 VACHR
  Income:US:BayBook:Vacation                           -5 VACHR

2023-11-23 * "BayBook" "Payroll"
  Assets:US:BofA:Checking                         2550.60 USD
  Income:US:BayBook:Salary                       -4615.38 USD
  Income:US:BayBook:GroupTermLife                  -24.32 USD
  Expenses:Health:Life:GroupTermLife                24.32 USD
  Expenses:Health:Dental:Insurance                   2.90 USD
  Expenses:Health:Medical:Insurance                 27.38 USD
  Expenses:Health:Vision:Insurance                  42.30 USD
  Expenses:Taxes:Y2023:US:Medicare                 106.62 USD
  Expenses:Taxes:Y2023:US:Federal                 1062.92 USD
  Expenses:Taxes:Y2023:US:State                    365.08 USD
  Expenses:Taxes:Y2023:US:CityNYC                  174.92 USD
  Expenses:Taxes:Y2023:US:SDI                        1.12 USD
  Expenses:Taxes:Y2023:US:SocSec                   281.54 USD
  Assets:US:Federal:PreTax401k                       0.00 IRAUSD
  Assets:US:BayBook:Vacation                            5 VACHR
  Income:US:BayBook:Vacation                           -5 VACHR

2023-12-07 * "BayBook" "Payroll"
  Assets:US:BofA:Checking                         2589.06 USD
  Income:US:BayBook:Salary                       -4615.38 USD
  Income:US:BayBook:GroupTermLife                  -24.32 USD
  Expenses:Health:Life:GroupTermLife                24.32 USD
  Expenses:Health:Dental:Insurance                   2.90 USD
  Expenses:Health:Medical:Insurance                 27.38 USD
  Expenses:Health:Vision:Insurance                  42.30 USD
  Expenses:Taxes:Y2023:US:Medicare                 106.62 USD
  Expenses:Taxes:Y2023:US:Federal                 1062.92 USD
  Expenses:Taxes:Y2023:US:State                    365.08 USD
  Expenses:Taxes:Y2023:US:CityNYC                  174.92 USD
  Expenses:Taxes:Y2023:US:SDI                        1.12 USD
  Expenses:Taxes:Y2023:US:SocSec                   243.08 USD
  Assets:US:Federal:PreTax401k                       0.00 IRAUSD
  Assets:US:BayBook:Vacation                            5 VACHR
  Income:US:BayBook:Vacation                           -5 VACHR

2023-12-21 * "BayBook" "Payroll"
  Assets:US:BofA:Checking                         2832.14 USD
  Income:US:BayBook:Salary                       -4615.38 USD
  Income:US:BayBook:GroupTermLife                  -24.32 USD
  Expenses:Health:Life:GroupTermLife                24.32 USD
  Expenses:Health:Dental:Insurance                   2.90 USD
  Expenses:Health:Medical:Insurance                 27.38 USD
  Expenses:Health:Vision:Insurance                  42.30 USD
  Expenses:Taxes:Y2023:US:Medicare                 106.62 USD
  Expenses:Taxes:Y2023:US:Federal                 1062.92 USD
  Expenses:Taxes:Y2023:US:State                    365.08 USD
  Expenses:Taxes:Y2023:US:CityNYC                  174.92 USD
  Expenses:Taxes:Y2023:US:SDI                        1.12 USD
  Expenses:Taxes:Y2023:US:SocSec                     0.00 USD
  Assets:US:Federal:PreTax401k                       0.00 IRAUSD
  Assets:US:BayBook:Vacation                            5 VACHR
  Income:US:BayBook:Vacation                           -5 VACHR

2024-01-04 * "BayBook" "Payroll"
  Assets:US:BofA:Checking                         1350.60 USD
  Assets:US:Vanguard:Cash                         1200.00 USD
  Income:US:BayBook:Salary                       -4615.38 USD
  Income:US:BayBook:GroupTermLife                  -24.32 USD
  Expenses:Health:Life:GroupTermLife                24.32 USD
  Expenses:Health:Dental:Insurance                   2.90 USD
  Expenses:Health:Medical:Insurance                 27.38 USD
  Expenses:Health:Vision:Insurance                  42.30 USD
  Expenses:Taxes:Y2024:US:Medicare                 106.62 USD
  Expenses:Taxes:Y2024:US:Federal                 1062.92 USD
  Expenses:Taxes:Y2024:US:State                    365.08 USD
  Expenses:Taxes:Y2024:US:CityNYC                  174.92 USD
  Expenses:Taxes:Y2024:US:SDI                        1.12 USD
  Expenses:Taxes:Y2024:US:SocSec                   281.54 USD
  Assets:US:Federal:PreTax401k                   -1200.00 IRAUSD
  Expenses:Taxes:Y2024:US:Federal:PreTax401k      1200.00 IRAUSD
  Assets:US:BayBook:Vacation                            5 VACHR
  Income:US:BayBook:Vacation                           -5 VACHR

2024-01-18 * "BayBook" "Payroll"
  Assets:US:BofA:Checking                         1350.60 USD
  Assets:US:Vanguard:Cash                         1200.00 USD
  Income:US:BayBook:Salary                       -4615.38 USD
  Income:US:BayBook:GroupTermLife                  -24.32 USD
  Expenses:Health:Life:GroupTermLife                24.32 USD
  Expenses:Health:Dental:Insurance                   2.90 USD
  Expenses:Health:Medical:Insurance                 27.38 USD
  Expenses:Health:Vision:Insurance                  42.30 USD
  Expenses:Taxes:Y2024:US:Medicare                 106.62 USD
  Expenses:Taxes:Y2024:US:Federal                 1062.92 USD
  Expenses:Taxes:Y2024:US:State                    365.08 USD
  Expenses:Taxes:Y2024:US:CityNYC                  174.92 USD
  Expenses:Taxes:Y2024:US:SDI                        1.12 USD
  Expenses:Taxes:Y2024:US:SocSec                   281.54 USD
  Assets:US:Federal:PreTax401k                   -1200.00 IRAUSD
  Expenses:Taxes:Y2024:US:Federal:PreTax401k      1200.00 IRAUSD
  Assets:US:BayBook:Vacation                            5 VACHR
  Income:US:BayBook:Vacation                           -5 VACHR

2024-02-01 * "BayBook" "Payroll"
  Assets:US:BofA:Checking                         1350.60 USD
  Assets:US:Vanguard:Cash                         1200.00 USD
  Income:US:BayBook:Salary                       -4615.38 USD
  Income:US:BayBook:GroupTermLife                  -24.32 USD
  Expenses:Health:Life:GroupTermLife                24.32 USD
  Expenses:Health:Dental:Insurance                   2.90 USD
  Expenses:Health:Medical:Insurance                 27.38 USD
  Expenses:Health:Vision:Insurance                  42.30 USD
  Expenses:Taxes:Y2024:US:Medicare                 106.62 USD
  Expenses:Taxes:Y2024:US:Federal                 1062.92 USD
  Expenses:Taxes:Y2024:US:State                    365.08 USD
  Expenses:Taxes:Y2024:US:CityNYC                  174.92 USD
  Expenses:Taxes:Y2024:US:SDI                        1.12 USD
  Expenses:Taxes:Y2024:US:SocSec                   281.54 USD
  Assets:US:Federal:PreTax401k                   -1200.00 IRAUSD
  Expenses:Taxes:Y2024:US:Federal:PreTax401k      1200.00 IRAUSD
  Assets:US:BayBook:Vacation                            5 VACHR
  Income:US:BayBook:Vacation                           -5 VACHR



* Taxes

1980-05-12 open Income:US:Federal:PreTax401k                    IRAUSD
1980-05-12 open Assets:US:Federal:PreTax401k                    IRAUSD



** Tax Year 2022

2022-01-01 open Expenses:Taxes:Y2022:US:Federal:PreTax401k      IRAUSD
2022-01-01 open Expenses:Taxes:Y2022:US:Medicare                USD
2022-01-01 open Expenses:Taxes:Y2022:US:Federal                 USD
2022-01-01 open Expenses:Taxes:Y2022:US:CityNYC                 USD
2022-01-01 open Expenses:Taxes:Y2022:US:SDI                     USD
2022-01-01 open Expenses:Taxes:Y2022:US:State                   USD
2022-01-01 open Expenses:Taxes:Y2022:US:SocSec                  USD

2022-01-01 balance Assets:US:Federal:PreTax401k         0 IRAUSD

2022-01-01 * "Allowed contributions for one year"
  Income:US:Federal:PreTax401k                     -18500 IRAUSD
  Assets:US:Federal:PreTax401k                      18500 IRAUSD

2023-03-23 * "Filing taxes for 2022"
  Expenses:Taxes:Y2022:US:Federal                  433.39 USD
  Expenses:Taxes:Y2022:US:State                    298.31 USD
  Liabilities:AccountsPayable                     -731.70 USD

2023-03-25 * "FEDERAL TAXPYMT"
  Assets:US:BofA:Checking                         -433.39 USD
  Liabilities:AccountsPayable                      433.39 USD

2023-03-27 * "STATE TAX & FINANC PYMT"
  Assets:US:BofA:Checking                         -298.31 USD
  Liabilities:AccountsPayable                      298.31 USD



** Tax Year 2023

2023-01-01 open Expenses:Taxes:Y2023:US:Federal:PreTax401k      IRAUSD
2023-01-01 open Expenses:Taxes:Y2023:US:Medicare                USD
2023-01-01 open Expenses:Taxes:Y2023:US:Federal                 USD
2023-01-01 open Expenses:Taxes:Y2023:US:CityNYC                 USD
2023-01-01 open Expenses:Taxes:Y2023:US:SDI                     USD
2023-01-01 open Expenses:Taxes:Y2023:US:State                   USD
2023-01-01 open Expenses:Taxes:Y2023:US:SocSec                  USD

2023-01-01 balance Assets:US:Federal:PreTax401k         0 IRAUSD

2023-01-01 * "Allowed contributions for one year"
  Income:US:Federal:PreTax401k                     -18500 IRAUSD
  Assets:US:Federal:PreTax401k                      18500 IRAUSD



** Tax Year 2024

2024-01-01 open Expenses:Taxes:Y2024:US:Federal:PreTax401k      IRAUSD
2024-01-01 open Expenses:Taxes:Y2024:US:Medicare                USD
2024-01-01 open Expenses:Taxes:Y2024:US:Federal                 USD
2024-01-01 open Expenses:Taxes:Y2024:US:CityNYC                 USD
2024-01-01 open Expenses:Taxes:Y2024:US:SDI                     USD
2024-01-01 open Expenses:Taxes:Y2024:US:State                   USD
2024-01-01 open Expenses:Taxes:Y2024:US:SocSec                  USD

2024-01-01 balance Assets:US:Federal:PreTax401k         0 IRAUSD

2024-01-01 * "Allowed contributions for one year"
  Income:US:Federal:PreTax401k                     -18500 IRAUSD
  Assets:US:Federal:PreTax401k                      18500 IRAUSD



* Expenses

1980-05-12 open Expenses:Food:Groceries
1980-05-12 open Expenses:Food:Restaurant
1980-05-12 open Expenses:Food:Coffee
1980-05-12 open Expenses:Food:Alcohol
1980-05-12 open Expenses:Transport:Tram
1980-05-12 open Expenses:Home:Rent
1980-05-12 open Expenses:Home:Electricity
1980-05-12 open Expenses:Home:Internet
1980-05-12 open Expenses:Home:Phone
1980-05-12 open Expenses:Financial:Fees
1980-05-12 open Expenses:Financial:Commissions



* Prices

2022-01-07 price VBMPX                              87.47 USD
2022-01-07 price RGAGX                             154.10 USD
2022-01-07 price ITOT                              133.78 USD
2022-01-07 price VEA                                43.55 USD
2022-01-07 price VHT                                64.00 USD
2022-01-07 price GLD                               121.94 USD
2022-01-14 price VBMPX                              86.84 USD
2022-01-14 price RGAGX                             151.13 USD
2022-01-14 price ITOT                              133.82 USD
2022-01-14 price VEA                                43.64 USD
2022-01-14 price VHT                                63.82 USD
2022-01-14 price GLD                               123.41 USD
2022-01-21 price VBMPX                              86.59 USD
2022-01-21 price RGAGX                             152.95 USD
2022-01-21 price ITOT                              135.53 USD
2022-01-21 price VEA                                43.38 USD
2022-01-21 price VHT                                63.88 USD
2022-01-21 price GLD                               123.58 USD
2022-01-28 price VBMPX                              86.86 USD
2022-01-28 price RGAGX                             149.91 USD
2022-01-28 price ITOT                              139.26 USD
2022-01-28 price VEA                                43.34 USD
2022-01-28 price VHT                                64.03 USD
2022-01-28 price GLD                               124.51 USD
2022-02-04 price VBMPX                              85.48 USD
2022-02-04 price RGAGX                             150.67 USD
2022-02-04 price ITOT                              139.18 USD
2022-02-04 price VEA                                43.11 USD
2022-02-04 price VHT                                63.91 USD
2022-02-04 price GLD                               124.04 USD
2022-02-11 price VBMPX                              84.68 USD
2022-02-11 price RGAGX                             146.98 USD
2022-02-11 price ITOT                              137.39 USD
2022-02-11 price VEA                                43.24 USD
2022-02-11 price VHT                                63.80 USD
2022-02-11 price GLD                               121.88 USD
2022-02-18 price VBMPX                              84.10 USD
2022-02-18 price RGAGX                             147.95 USD
2022-02-18 price ITOT                              136.86 USD
2022-02-18 price VEA                                43.56 USD
2022-02-18 price VHT                                64.76 USD
2022-02-18 price GLD                               123.24 USD
2022-02-25 price VBMPX                              84.74 USD
2022-02-25 price RGAGX                             145.35 USD
2022-02-25 price ITOT                              135.20 USD
2022-02-25 price VEA                                43.69 USD
2022-02-25 price VHT                                64.40 USD
2022-02-25 price GLD                               123.63 USD
2022-03-04 price VBMPX                              85.05 USD
2022-03-04 price RGAGX                             143.09 USD
2022-03-04 price ITOT                              130.75 USD
2022-03-04 price VEA                                43.06 USD
2022-03-04 price VHT                                65.46 USD
2022-03-04 price GLD                               125.14 USD
2022-03-11 price VBMPX                              85.35 USD
2022-03-11 price RGAGX                             142.78 USD
2022-03-11 price ITOT                              134.97 USD
2022-03-11 price VEA                                43.30 USD
2022-03-11 price VHT                                65.28 USD
2022-03-11 price GLD                               124.83 USD
2022-03-18 price VBMPX                              84.72 USD
2022-03-18 price RGAGX                             149.21 USD
2022-03-18 price ITOT                              137.43 USD
2022-03-18 price VEA                                43.30 USD
2022-03-18 price VHT                                64.75 USD
2022-03-18 price GLD                               121.68 USD
2022-03-25 price VBMPX                              85.58 USD
2022-03-25 price RGAGX                             149.96 USD
2022-03-25 price ITOT                              142.29 USD
2022-03-25 price VEA                                43.39 USD
2022-03-25 price VHT                                65.08 USD
2022-03-25 price GLD                               122.71 USD
2022-04-01 price VBMPX                              84.37 USD
2022-04-01 price RGAGX                             147.93 USD
2022-04-01 price ITOT                              143.50 USD
2022-04-01 price VEA                                43.14 USD
2022-04-01 price VHT                                65.86 USD
2022-04-01 price GLD                               123.51 USD
2022-04-08 price VBMPX                              84.29 USD
2022-04-08 price RGAGX                             146.31 USD
2022-04-08 price ITOT                              141.06 USD
2022-04-08 price VEA                                43.03 USD
2022-04-08 price VHT                                65.95 USD
2022-04-08 price GLD                               123.11 USD
2022-04-15 price VBMPX                              83.34 USD
2022-04-15 price RGAGX                             140.09 USD
2022-04-15 price ITOT                              142.12 USD
2022-04-15 price VEA                                43.40 USD
2022-04-15 price VHT                                66.92 USD
2022-04-15 price GLD                               122.44 USD
2022-04-22 price VBMPX                              83.47 USD
2022-04-22 price RGAGX                             141.54 USD
2022-04-22 price ITOT                              137.25 USD
2022-04-22 price VEA                                43.14 USD
2022-04-22 price VHT                                67.72 USD
2022-04-22 price GLD                               124.50 USD
2022-04-29 price VBMPX                              83.65 USD
2022-04-29 price RGAGX                             142.12 USD
2022-04-29 price ITOT                              133.56 USD
2022-04-29 price VEA                                43.42 USD
2022-04-29 price VHT                                67.74 USD
2022-04-29 price GLD                               122.45 USD
2022-05-06 price VBMPX                              82.76 USD
2022-05-06 price RGAGX                             144.95 USD
2022-05-06 price ITOT                              132.55 USD
2022-05-06 price VEA                                44.04 USD
2022-05-06 price VHT                                66.80 USD
2022-05-06 price GLD                               122.73 USD
2022-05-13 price VBMPX                              82.92 USD
2022-05-13 price RGAGX                             142.73 USD
2022-05-13 price ITOT                              134.37 USD
2022-05-13 price VEA                                43.89 USD
2022-05-13 price VHT                                66.69 USD
2022-05-13 price GLD                               122.44 USD
2022-05-20 price VBMPX                              82.37 USD
2022-05-20 price RGAGX                             142.89 USD
2022-05-20 price ITOT                              127.87 USD
2022-05-20 price VEA                                44.09 USD
2022-05-20 price VHT                                67.12 USD
2022-05-20 price GLD                               124.28 USD
2022-05-27 price VBMPX                              83.63 USD
2022-05-27 price RGAGX                             142.83 USD
2022-05-27 price ITOT                              126.06 USD
2022-05-27 price VEA                                43.91 USD
2022-05-27 price VHT                                66.63 USD
2022-05-27 price GLD                               123.15 USD
2022-06-03 price VBMPX                              83.21 USD
2022-06-03 price RGAGX                             143.32 USD
2022-06-03 price ITOT                              124.73 USD
2022-06-03 price VEA                                44.03 USD
2022-06-03 price VHT                                66.26 USD
2022-06-03 price GLD                               124.69 USD
2022-06-10 price VBMPX                              83.79 USD
2022-06-10 price RGAGX                             143.45 USD
2022-06-10 price ITOT                              126.70 USD
2022-06-10 price VEA                                43.65 USD
2022-06-10 price VHT                                65.87 USD
2022-06-10 price GLD                               122.78 USD
2022-06-17 price VBMPX                              84.43 USD
2022-06-17 price RGAGX                             141.98 USD
2022-06-17 price ITOT                              132.00 USD
2022-06-17 price VEA                                43.43 USD
2022-06-17 price VHT                                65.69 USD
2022-06-17 price GLD                               122.92 USD
2022-06-24 price VBMPX                              84.47 USD
2022-06-24 price RGAGX                             141.89 USD
2022-06-24 price ITOT                              128.94 USD
2022-06-24 price VEA                                43.57 USD
2022-06-24 price VHT                                66.57 USD
2022-06-24 price GLD                               124.55 USD
2022-07-01 price VBMPX                              84.31 USD
2022-07-01 price RGAGX                             141.47 USD
2022-07-01 price ITOT                              125.99 USD
2022-07-01 price VEA                                43.46 USD
2022-07-01 price VHT                                66.11 USD
2022-07-01 price GLD                               126.19 USD
2022-07-08 price VBMPX                              83.32 USD
2022-07-08 price RGAGX                             141.06 USD
2022-07-08 price ITOT                              128.83 USD
2022-07-08 price VEA                                43.90 USD
2022-07-08 price VHT                                66.04 USD
2022-07-08 price GLD                               126.18 USD
2022-07-15 price VBMPX                              83.44 USD
2022-07-15 price RGAGX                             141.87 USD
2022-07-15 price ITOT                              132.17 USD
2022-07-15 price VEA                                43.67 USD
2022-07-15 price VHT                                66.53 USD
2022-07-15 price GLD                               129.31 USD
2022-07-22 price VBMPX                              83.44 USD
2022-07-22 price RGAGX                             142.70 USD
2022-07-22 price ITOT                              130.28 USD
2022-07-22 price VEA                                43.69 USD
2022-07-22 price VHT                                65.61 USD
2022-07-22 price GLD                               129.94 USD
2022-07-29 price VBMPX                              82.97 USD
2022-07-29 price RGAGX                             142.17 USD
2022-07-29 price ITOT                              128.64 USD
2022-07-29 price VEA                                44.18 USD
2022-07-29 price VHT                                65.52 USD
2022-07-29 price GLD                               130.32 USD
2022-08-05 price VBMPX                              82.87 USD
2022-08-05 price RGAGX                             142.14 USD
2022-08-05 price ITOT                              132.10 USD
2022-08-05 price VEA                                44.27 USD
2022-08-05 price VHT                                65.69 USD
2022-08-05 price GLD                               130.23 USD
2022-08-12 price VBMPX                              83.01 USD
2022-08-12 price RGAGX                             137.77 USD
2022-08-12 price ITOT                              130.88 USD
2022-08-12 price VEA                                44.21 USD
2022-08-12 price VHT                                64.60 USD
2022-08-12 price GLD                               127.37 USD
2022-08-19 price VBMPX                              83.52 USD
2022-08-19 price RGAGX                             139.13 USD
2022-08-19 price ITOT                              129.71 USD
2022-08-19 price VEA                                44.01 USD
2022-08-19 price VHT                                64.28 USD
2022-08-19 price GLD                               126.39 USD
2022-08-26 price VBMPX                              82.90 USD
2022-08-26 price RGAGX                             135.89 USD
2022-08-26 price ITOT                              128.37 USD
2022-08-26 price VEA                                44.37 USD
2022-08-26 price VHT                                64.29 USD
2022-08-26 price GLD                               124.96 USD
2022-09-02 price VBMPX                              82.88 USD
2022-09-02 price RGAGX                             133.92 USD
2022-09-02 price ITOT                              125.34 USD
2022-09-02 price VEA                                44.53 USD
2022-09-02 price VHT                                64.12 USD
2022-09-02 price GLD                               125.02 USD
2022-09-09 price VBMPX                              83.84 USD
2022-09-09 price RGAGX                             132.62 USD
2022-09-09 price ITOT                              124.18 USD
2022-09-09 price VEA                                44.44 USD
2022-09-09 price VHT                                64.22 USD
2022-09-09 price GLD                               123.88 USD
2022-09-16 price VBMPX                              83.99 USD
2022-09-16 price RGAGX                             130.37 USD
2022-09-16 price ITOT                              122.01 USD
2022-09-16 price VEA                                44.71 USD
2022-09-16 price VHT                                64.38 USD
2022-09-16 price GLD                               121.62 USD
2022-09-23 price VBMPX                              84.70 USD
2022-09-23 price RGAGX                             129.22 USD
2022-09-23 price ITOT                              119.22 USD
2022-09-23 price VEA                                44.36 USD
2022-09-23 price VHT                                65.58 USD
2022-09-23 price GLD                               122.35 USD
2022-09-30 price VBMPX                              84.11 USD
2022-09-30 price RGAGX                             130.48 USD
2022-09-30 price ITOT                              120.53 USD
2022-09-30 price VEA                                44.17 USD
2022-09-30 price VHT                                65.58 USD
2022-09-30 price GLD                               122.41 USD
2022-10-07 price VBMPX                              84.11 USD
2022-10-07 price RGAGX                             130.14 USD
2022-10-07 price ITOT                              124.17 USD
2022-10-07 price VEA                                44.40 USD
2022-10-07 price VHT                                64.71 USD
2022-10-07 price GLD                               125.67 USD
2022-10-14 price VBMPX                              84.04 USD
2022-10-14 price RGAGX                             136.53 USD
2022-10-14 price ITOT                              125.11 USD
2022-10-14 price VEA                                44.30 USD
2022-10-14 price VHT                                65.39 USD
2022-10-14 price GLD                               125.77 USD
2022-10-21 price VBMPX                              84.11 USD
2022-10-21 price RGAGX                             140.74 USD
2022-10-21 price ITOT                              127.25 USD
2022-10-21 price VEA                                44.67 USD
2022-10-21 price VHT                                65.30 USD
2022-10-21 price GLD                               126.94 USD
2022-10-28 price VBMPX                              84.94 USD
2022-10-28 price RGAGX                             136.38 USD
2022-10-28 price ITOT                              128.59 USD
2022-10-28 price VEA                                44.81 USD
2022-10-28 price VHT                                65.58 USD
2022-10-28 price GLD                               129.11 USD
2022-11-04 price VBMPX                              84.43 USD
2022-11-04 price RGAGX                             131.84 USD
2022-11-04 price ITOT                              126.67 USD
2022-11-04 price VEA                                45.34 USD
2022-11-04 price VHT                                65.86 USD
2022-11-04 price GLD                               127.61 USD
2022-11-11 price VBMPX                              85.66 USD
2022-11-11 price RGAGX                             130.57 USD
2022-11-11 price ITOT                              121.48 USD
2022-11-11 price VEA                                45.16 USD
2022-11-11 price VHT                                66.15 USD
2022-11-11 price GLD                               127.57 USD
2022-11-18 price VBMPX                              84.76 USD
2022-11-18 price RGAGX                             129.77 USD
2022-11-18 price ITOT                              122.83 USD
2022-11-18 price VEA                                45.78 USD
2022-11-18 price VHT                                66.18 USD
2022-11-18 price GLD                               129.93 USD
2022-11-25 price VBMPX                              85.42 USD
2022-11-25 price RGAGX                             126.08 USD
2022-11-25 price ITOT                              123.66 USD
2022-11-25 price VEA                                45.64 USD
2022-11-25 price VHT                                65.35 USD
2022-11-25 price GLD                               130.95 USD
2022-12-02 price VBMPX                              84.57 USD
2022-12-02 price RGAGX                             128.70 USD
2022-12-02 price ITOT                              125.24 USD
2022-12-02 price VEA                                45.61 USD
2022-12-02 price VHT                                65.50 USD
2022-12-02 price GLD                               131.38 USD
2022-12-09 price VBMPX                              84.99 USD
2022-12-09 price RGAGX                             130.42 USD
2022-12-09 price ITOT                              129.96 USD
2022-12-09 price VEA                                46.31 USD
2022-12-09 price VHT                                65.76 USD
2022-12-09 price GLD                               130.15 USD
2022-12-16 price VBMPX                              84.78 USD
2022-12-16 price RGAGX                             130.06 USD
2022-12-16 price ITOT                              132.67 USD
2022-12-16 price VEA                                45.96 USD
2022-12-16 price VHT                                66.45 USD
2022-12-16 price GLD                               128.92 USD
2022-12-23 price VBMPX                              84.96 USD
2022-12-23 price RGAGX                             128.93 USD
2022-12-23 price ITOT                              132.73 USD
2022-12-23 price VEA                                46.20 USD
2022-12-23 price VHT                                65.57 USD
2022-12-23 price GLD                               128.74 USD
2022-12-30 price VBMPX                              86.30 USD
2022-12-30 price RGAGX                             129.03 USD
2022-12-30 price ITOT                              136.04 USD
2022-12-30 price VEA                                46.46 USD
2022-12-30 price VHT                                67.08 USD
2022-12-30 price GLD                               124.58 USD
2023-01-06 price VBMPX                              86.42 USD
2023-01-06 price RGAGX                             130.58 USD
2023-01-06 price ITOT                              139.38 USD
2023-01-06 price VEA                                46.43 USD
2023-01-06 price VHT                                66.61 USD
2023-01-06 price GLD                               125.03 USD
2023-01-13 price VBMPX                              85.44 USD
2023-01-13 price RGAGX                             131.85 USD
2023-01-13 price ITOT                              140.73 USD
2023-01-13 price VEA                                46.62 USD
2023-01-13 price VHT                                65.40 USD
2023-01-13 price GLD                               127.58 USD
2023-01-20 price VBMPX                              85.83 USD
2023-01-20 price RGAGX                             131.41 USD
2023-01-20 price ITOT                              143.13 USD
2023-01-20 price VEA                                46.85 USD
2023-01-20 price VHT                                65.94 USD
2023-01-20 price GLD                               127.62 USD
2023-01-27 price VBMPX                              84.93 USD
2023-01-27 price RGAGX                             130.37 USD
2023-01-27 price ITOT                              146.72 USD
2023-01-27 price VEA                                47.09 USD
2023-01-27 price VHT                                66.27 USD
2023-01-27 price GLD                               125.70 USD
2023-02-03 price VBMPX                              85.68 USD
2023-02-03 price RGAGX                             129.44 USD
2023-02-03 price ITOT                              145.86 USD
2023-02-03 price VEA                                47.02 USD
2023-02-03 price VHT                                66.71 USD
2023-02-03 price GLD                               126.02 USD
2023-02-10 price VBMPX                              84.97 USD
2023-02-10 price RGAGX                             127.43 USD
2023-02-10 price ITOT                              143.68 USD
2023-02-10 price VEA                                47.07 USD
2023-02-10 price VHT                                65.62 USD
2023-02-10 price GLD                               127.50 USD
2023-02-17 price VBMPX                              85.16 USD
2023-02-17 price RGAGX                             125.30 USD
2023-02-17 price ITOT                              143.54 USD
2023-02-17 price VEA                                47.56 USD
2023-02-17 price VHT                                65.98 USD
2023-02-17 price GLD                               127.86 USD
2023-02-24 price VBMPX                              83.78 USD
2023-02-24 price RGAGX                             122.79 USD
2023-02-24 price ITOT                              142.37 USD
2023-02-24 price VEA                                48.20 USD
2023-02-24 price VHT                                66.86 USD
2023-02-24 price GLD                               125.68 USD
2023-03-03 price VBMPX                              83.84 USD
2023-03-03 price RGAGX                             123.18 USD
2023-03-03 price ITOT                              149.66 USD
2023-03-03 price VEA                                48.40 USD
2023-03-03 price VHT                                67.73 USD
2023-03-03 price GLD                               127.36 USD
2023-03-10 price VBMPX                              84.54 USD
2023-03-10 price RGAGX                             125.35 USD
2023-03-10 price ITOT                              149.22 USD
2023-03-10 price VEA                                48.47 USD
2023-03-10 price VHT                                68.56 USD
2023-03-10 price GLD                               127.22 USD
2023-03-17 price VBMPX                              84.14 USD
2023-03-17 price RGAGX                             124.60 USD
2023-03-17 price ITOT                              147.70 USD
2023-03-17 price VEA                                48.68 USD
2023-03-17 price VHT                                69.40 USD
2023-03-17 price GLD                               125.27 USD
2023-03-24 price VBMPX                              83.99 USD
2023-03-24 price RGAGX                             124.60 USD
2023-03-24 price ITOT                              149.14 USD
2023-03-24 price VEA                                48.84 USD
2023-03-24 price VHT                                71.47 USD
2023-03-24 price GLD                               126.46 USD
2023-03-31 price VBMPX                              83.52 USD
2023-03-31 price RGAGX                             122.27 USD
2023-03-31 price ITOT                              146.37 USD
2023-03-31 price VEA                                49.02 USD
2023-03-31 price VHT                                71.71 USD
2023-03-31 price GLD                               129.91 USD
2023-04-07 price VBMPX                              84.65 USD
2023-04-07 price RGAGX                             120.08 USD
2023-04-07 price ITOT                              146.09 USD
2023-04-07 price VEA                                49.68 USD
2023-04-07 price VHT                                71.96 USD
2023-04-07 price GLD                               130.39 USD
2023-04-14 price VBMPX                              85.68 USD
2023-04-14 price RGAGX                             127.08 USD
2023-04-14 price ITOT                              145.33 USD
2023-04-14 price VEA                                50.23 USD
2023-04-14 price VHT                                71.53 USD
2023-04-14 price GLD                               130.24 USD
2023-04-21 price VBMPX                              85.79 USD
2023-04-21 price RGAGX                             132.24 USD
2023-04-21 price ITOT                              142.07 USD
2023-04-21 price VEA                                50.23 USD
2023-04-21 price VHT                                72.52 USD
2023-04-21 price GLD                               129.67 USD
2023-04-28 price VBMPX                              85.98 USD
2023-04-28 price RGAGX                             131.97 USD
2023-04-28 price ITOT                              138.47 USD
2023-04-28 price VEA                                50.35 USD
2023-04-28 price VHT                                71.89 USD
2023-04-28 price GLD                               129.88 USD
2023-05-05 price VBMPX                              85.17 USD
2023-05-05 price RGAGX                             130.18 USD
2023-05-05 price ITOT                              137.01 USD
2023-05-05 price VEA                                50.46 USD
2023-05-05 price VHT                                73.46 USD
2023-05-05 price GLD                               130.92 USD
2023-05-12 price VBMPX                              85.03 USD
2023-05-12 price RGAGX                             129.59 USD
2023-05-12 price ITOT                              135.89 USD
2023-05-12 price VEA                                50.21 USD
2023-05-12 price VHT                                74.02 USD
2023-05-12 price GLD                               130.32 USD
2023-05-19 price VBMPX                              85.49 USD
2023-05-19 price RGAGX                             127.73 USD
2023-05-19 price ITOT                              133.57 USD
2023-05-19 price VEA                                50.46 USD
2023-05-19 price VHT                                74.39 USD
2023-05-19 price GLD                               130.33 USD
2023-05-26 price VBMPX                              85.94 USD
2023-05-26 price RGAGX                             130.44 USD
2023-05-26 price ITOT                              133.83 USD
2023-05-26 price VEA                                50.24 USD
2023-05-26 price VHT                                74.68 USD
2023-05-26 price GLD                               131.47 USD
2023-06-02 price VBMPX                              86.18 USD
2023-06-02 price RGAGX                             127.20 USD
2023-06-02 price ITOT                              133.16 USD
2023-06-02 price VEA                                49.82 USD
2023-06-02 price VHT                                73.84 USD
2023-06-02 price GLD                               130.78 USD
2023-06-09 price VBMPX                              85.27 USD
2023-06-09 price RGAGX                             128.77 USD
2023-06-09 price ITOT                              138.36 USD
2023-06-09 price VEA                                49.45 USD
2023-06-09 price VHT                                74.20 USD
2023-06-09 price GLD                               131.38 USD
2023-06-16 price VBMPX                              85.42 USD
2023-06-16 price RGAGX                             130.20 USD
2023-06-16 price ITOT                              138.25 USD
2023-06-16 price VEA                                48.66 USD
2023-06-16 price VHT                                73.74 USD
2023-06-16 price GLD                               133.28 USD
2023-06-23 price VBMPX                              85.89 USD
2023-06-23 price RGAGX                             131.75 USD
2023-06-23 price ITOT                              135.85 USD
2023-06-23 price VEA                                48.62 USD
2023-06-23 price VHT                                74.41 USD
2023-06-23 price GLD                               132.80 USD
2023-06-30 price VBMPX                              87.33 USD
2023-06-30 price RGAGX                             135.86 USD
2023-06-30 price ITOT                              141.30 USD
2023-06-30 price VEA                                48.31 USD
2023-06-30 price VHT                                75.15 USD
2023-06-30 price GLD                               133.57 USD
2023-07-07 price VBMPX                              88.06 USD
2023-07-07 price RGAGX                             138.10 USD
2023-07-07 price ITOT                              134.41 USD
2023-07-07 price VEA                                48.42 USD
2023-07-07 price VHT                                75.77 USD
2023-07-07 price GLD                               132.98 USD
2023-07-14 price VBMPX                              88.50 USD
2023-07-14 price RGAGX                             139.95 USD
2023-07-14 price ITOT                              135.96 USD
2023-07-14 price VEA                                48.53 USD
2023-07-14 price VHT                                76.16 USD
2023-07-14 price GLD                               131.16 USD
2023-07-21 price VBMPX                              88.49 USD
2023-07-21 price RGAGX                             138.19 USD
2023-07-21 price ITOT                              141.23 USD
2023-07-21 price VEA                                48.56 USD
2023-07-21 price VHT                                78.11 USD
2023-07-21 price GLD                               130.93 USD
2023-07-28 price VBMPX                              88.30 USD
2023-07-28 price RGAGX                             139.06 USD
2023-07-28 price ITOT                              142.73 USD
2023-07-28 price VEA                                49.04 USD
2023-07-28 price VHT                                78.52 USD
2023-07-28 price GLD                               129.12 USD
2023-08-04 price VBMPX                              88.49 USD
2023-08-04 price RGAGX                             138.17 USD
2023-08-04 price ITOT                              139.73 USD
2023-08-04 price VEA                                48.80 USD
2023-08-04 price VHT                                77.89 USD
2023-08-04 price GLD                               130.02 USD
2023-08-11 price VBMPX                              88.89 USD
2023-08-11 price RGAGX                             136.66 USD
2023-08-11 price ITOT                              141.33 USD
2023-08-11 price VEA                                49.28 USD
2023-08-11 price VHT                                79.19 USD
2023-08-11 price GLD                               130.79 USD
2023-08-18 price VBMPX                              88.80 USD
2023-08-18 price RGAGX                             132.95 USD
2023-08-18 price ITOT                              138.30 USD
2023-08-18 price VEA                                49.82 USD
2023-08-18 price VHT                                79.81 USD
2023-08-18 price GLD                               128.36 USD
2023-08-25 price VBMPX                              88.74 USD
2023-08-25 price RGAGX                             129.26 USD
2023-08-25 price ITOT                              139.13 USD
2023-08-25 price VEA                                50.50 USD
2023-08-25 price VHT                                79.27 USD
2023-08-25 price GLD                               127.85 USD
2023-09-01 price VBMPX                              88.67 USD
2023-09-01 price RGAGX                             127.49 USD
2023-09-01 price ITOT                              140.82 USD
2023-09-01 price VEA                                50.60 USD
2023-09-01 price VHT                                80.25 USD
2023-09-01 price GLD                               127.76 USD
2023-09-08 price VBMPX                              89.34 USD
2023-09-08 price RGAGX                             125.95 USD
2023-09-08 price ITOT                              145.75 USD
2023-09-08 price VEA                                51.61 USD
2023-09-08 price VHT                                80.94 USD
2023-09-08 price GLD                               128.28 USD
2023-09-15 price VBMPX                              88.89 USD
2023-09-15 price RGAGX                             128.17 USD
2023-09-15 price ITOT                              145.77 USD
2023-09-15 price VEA                                51.43 USD
2023-09-15 price VHT                                80.52 USD
2023-09-15 price GLD                               128.08 USD
2023-09-22 price VBMPX                              87.94 USD
2023-09-22 price RGAGX                             128.42 USD
2023-09-22 price ITOT                              145.55 USD
2023-09-22 price VEA                                51.48 USD
2023-09-22 price VHT                                79.09 USD
2023-09-22 price GLD                               127.11 USD
2023-09-29 price VBMPX                              88.11 USD
2023-09-29 price RGAGX                             128.26 USD
2023-09-29 price ITOT                              147.32 USD
2023-09-29 price VEA                                51.41 USD
2023-09-29 price VHT                                79.71 USD
2023-09-29 price GLD                               125.35 USD
2023-10-06 price VBMPX                              87.77 USD
2023-10-06 price RGAGX                             131.21 USD
2023-10-06 price ITOT                              144.83 USD
2023-10-06 price VEA                                51.82 USD
2023-10-06 price VHT                                79.44 USD
2023-10-06 price GLD                               125.98 USD
2023-10-13 price VBMPX                              87.91 USD
2023-10-13 price RGAGX                             128.16 USD
2023-10-13 price ITOT                              142.33 USD
2023-10-13 price VEA                                51.74 USD
2023-10-13 price VHT                                79.70 USD
2023-10-13 price GLD                               126.48 USD
2023-10-20 price VBMPX                              88.30 USD
2023-10-20 price RGAGX                             130.74 USD
2023-10-20 price ITOT                              145.39 USD
2023-10-20 price VEA                                51.77 USD
2023-10-20 price VHT                                79.35 USD
2023-10-20 price GLD                               128.15 USD
2023-10-27 price VBMPX                              88.36 USD
2023-10-27 price RGAGX                             128.39 USD
2023-10-27 price ITOT                              151.73 USD
2023-10-27 price VEA                                51.31 USD
2023-10-27 price VHT                                78.59 USD
2023-10-27 price GLD                               129.15 USD
2023-11-03 price VBMPX                              87.12 USD
2023-11-03 price RGAGX                             125.71 USD
2023-11-03 price ITOT                              147.97 USD
2023-11-03 price VEA                                51.30 USD
2023-11-03 price VHT                                77.78 USD
2023-11-03 price GLD                               131.19 USD
2023-11-10 price VBMPX                              88.08 USD
2023-11-10 price RGAGX                             124.58 USD
2023-11-10 price ITOT                              150.33 USD
2023-11-10 price VEA                                51.78 USD
2023-11-10 price VHT                                78.92 USD
2023-11-10 price GLD                               133.54 USD
2023-11-17 price VBMPX                              88.77 USD
2023-11-17 price RGAGX                             125.97 USD
2023-11-17 price ITOT                              148.95 USD
2023-11-17 price VEA                                51.81 USD
2023-11-17 price VHT                                78.96 USD
2023-11-17 price GLD                               134.67 USD
2023-11-24 price VBMPX                              89.44 USD
2023-11-24 price RGAGX                             124.42 USD
2023-11-24 price ITOT                              149.12 USD
2023-11-24 price VEA                                52.00 USD
2023-11-24 price VHT                                79.12 USD
2023-11-24 price GLD                               135.28 USD
2023-12-01 price VBMPX                              89.21 USD
2023-12-01 price RGAGX                             126.80 USD
2023-12-01 price ITOT                              150.66 USD
2023-12-01 price VEA                                51.96 USD
2023-12-01 price VHT                                78.79 USD
2023-12-01 price GLD                               135.50 USD
2023-12-08 price VBMPX                              89.21 USD
2023-12-08 price RGAGX                             125.83 USD
2023-12-08 price ITOT                              147.10 USD
2023-12-08 price VEA                                52.72 USD
2023-12-08 price VHT                                78.55 USD
2023-12-08 price GLD                               134.04 USD
2023-12-15 price VBMPX                              89.33 USD
2023-12-15 price RGAGX                             124.38 USD
2023-12-15 price ITOT                              145.71 USD
2023-12-15 price VEA                                52.74 USD
2023-12-15 price VHT                                78.89 USD
2023-12-15 price GLD                               135.55 USD
2023-12-22 price VBMPX                              89.76 USD
2023-12-22 price RGAGX                             123.87 USD
2023-12-22 price ITOT                              148.75 USD
2023-12-22 price VEA                                52.46 USD
2023-12-22 price VHT                                79.97 USD
2023-12-22 price GLD                               137.69 USD
2023-12-29 price VBMPX                              89.46 USD
2023-12-29 price RGAGX                             121.79 USD
2023-12-29 price ITOT                              147.06 USD
2023-12-29 price VEA                                51.70 USD
2023-12-29 price VHT                                79.70 USD
2023-12-29 price GLD                               137.40 USD
2024-01-05 price VBMPX                              88.16 USD
2024-01-05 price RGAGX                             121.35 USD
2024-01-05 price ITOT                              151.78 USD
2024-01-05 price VEA                                51.83 USD
2024-01-05 price VHT                                79.54 USD
2024-01-05 price GLD                               138.92 USD
2024-01-12 price VBMPX                              87.47 USD
2024-01-12 price RGAGX                             122.10 USD
2024-01-12 price ITOT                              152.80 USD
2024-01-12 price VEA                                51.90 USD
2024-01-12 price VHT                                79.58 USD
2024-01-12 price GLD                               141.05 USD
2024-01-19 price VBMPX                              86.38 USD
2024-01-19 price RGAGX                             124.86 USD
2024-01-19 price ITOT                              152.98 USD
2024-01-19 price VEA                                51.79 USD
2024-01-19 price VHT                                79.33 USD
2024-01-19 price GLD                               142.29 USD
2024-01-26 price VBMPX                              86.91 USD
2024-01-26 price RGAGX                             123.92 USD
2024-01-26 price ITOT                              154.85 USD
2024-01-26 price VEA                                51.70 USD
2024-01-26 price VHT                                79.01 USD
2024-01-26 price GLD                               143.24 USD
2024-02-02 price VBMPX                              87.44 USD
2024-02-02 price RGAGX                             125.81 USD
2024-02-02 price ITOT                              155.16 USD
2024-02-02 price VEA                                52.02 USD
2024-02-02 price VHT                                78.42 USD
2024-02-02 price GLD                               145.51 USD
2024-02-09 price VBMPX                              87.76 USD
2024-02-09 price RGAGX                             127.84 USD
2024-02-09 price ITOT                              160.00 USD
2024-02-09 price VEA                                51.89 USD
2024-02-09 price VHT                                78.30 USD
2024-02-09 price GLD                               144.69 USD



* Cash


; Source: https://raw.githubusercontent.com/IanTeda/development_containers/918122f3d74e9eedc2f0c477dc4ba66b1578133c/beancount/example.beancount
