;; -*- mode: org; mode: beancount; -*-
;; Birth: 1980-05-12
;; Dates: 2022-01-01 - 2024-10-02
;; THIS FILE HAS BEEN AUTO-GENERATED.
* Options

option "title" "Example Beancount file"
option "operating_currency" "USD"




* Commodities


1792-01-01 commodity USD
  export: "CASH"
  name: "US Dollar"

1900-01-01 commodity VMMXX
  export: "MUTF:VMMXX (MONEY:USD)"

1980-05-12 commodity VACHR
  export: "IGNORE"
  name: "Employer Vacation Hours"

1980-05-12 commodity IRAUSD
  export: "IGNORE"
  name: "US 401k and IRA Contributions"

1995-09-18 commodity VBMPX
  export: "MUTF:VBMPX"
  name: "Vanguard Total Bond Market Index Fund Institutional Plus Shares"
  price: "USD:google/MUTF:VBMPX"

2004-01-20 commodity ITOT
  export: "NYSEARCA:ITOT"
  name: "iShares Core S&P Total U.S. Stock Market ETF"
  price: "USD:google/NYSEARCA:ITOT"

2004-01-26 commodity VHT
  export: "NYSEARCA:VHT"
  name: "Vanguard Health Care ETF"
  price: "USD:google/NYSEARCA:VHT"

2004-11-01 commodity GLD
  export: "NYSEARCA:GLD"
  name: "SPDR Gold Trust (ETF)"
  price: "USD:google/NYSEARCA:GLD"

2007-07-20 commodity VEA
  export: "NYSEARCA:VEA"
  name: "Vanguard FTSE Developed Markets ETF"
  price: "USD:google/NYSEARCA:VEA"

2009-05-01 commodity RGAGX
  export: "MUTF:RGAGX"
  name: "American Funds The Growth Fund of America Class R-6"
  price: "USD:google/MUTF:RGAGX"



* Equity Accounts

1980-05-12 open Equity:Opening-Balances
1980-05-12 open Liabilities:AccountsPayable



* Banking

2022-01-01 open Assets:US:BofA
  address: "123 America Street, LargeTown, USA"
  institution: "Bank of America"
  phone: "+1.012.345.6789"
2022-01-01 open Assets:US:BofA:Checking                        USD
  account: "00234-48574897"

2022-01-01 * "Opening Balance for checking account"
  Assets:US:BofA:Checking                         4233.01 USD
  Equity:Opening-Balances                        -4233.01 USD

2022-01-02 balance Assets:US:BofA:Checking        4233.01 USD

2022-01-04 * "BANK FEES" "Monthly bank fee"
  Assets:US:BofA:Checking                           -4.00 USD
  Expenses:Financial:Fees                            4.00 USD

2022-01-04 * "RiverBank Properties" "Paying the rent"
  Assets:US:BofA:Checking                        -2400.00 USD
  Expenses:Home:Rent                              2400.00 USD

2022-01-09 * "EDISON POWER" ""
  Assets:US:BofA:Checking                          -65.00 USD
  Expenses:Home:Electricity                         65.00 USD

2022-01-18 * "Verizon Wireless" ""
  Assets:US:BofA:Checking                          -67.24 USD
  Expenses:Home:Phone                               67.24 USD

2022-01-21 * "Wine-Tarner Cable" ""
  Assets:US:BofA:Checking                          -79.97 USD
  Expenses:Home:Internet                            79.97 USD

2022-01-27 balance Assets:US:BofA:Checking        4174.56 USD

2022-02-04 * "BANK FEES" "Monthly bank fee"
  Assets:US:BofA:Checking                           -4.00 USD
  Expenses:Financial:Fees                            4.00 USD

2022-02-06 * "RiverBank Properties" "Paying the rent"
  Assets:US:BofA:Checking                        -2400.00 USD
  Expenses:Home:Rent                              2400.00 USD

2022-02-09 * "EDISON POWER" ""
  Assets:US:BofA:Checking                          -65.00 USD
  Expenses:Home:Electricity                         65.00 USD

2022-02-18 * "Verizon Wireless" ""
  Assets:US:BofA:Checking                          -54.29 USD
  Expenses:Home:Phone                               54.29 USD

2022-02-20 balance Assets:US:BofA:Checking        3665.03 USD

2022-02-22 * "Wine-Tarner Cable" ""
  Assets:US:BofA:Checking                          -79.89 USD
  Expenses:Home:Internet                            79.89 USD

2022-03-03 * "RiverBank Properties" "Paying the rent"
  Assets:US:BofA:Checking                        -2400.00 USD
  Expenses:Home:Rent                              2400.00 USD

2022-03-04 * "BANK FEES" "Monthly bank fee"
  Assets:US:BofA:Checking                           -4.00 USD
  Expenses:Financial:Fees                            4.00 USD

2022-03-09 * "EDISON POWER" ""
  Assets:US:BofA:Checking                          -65.00 USD
  Expenses:Home:Electricity                         65.00 USD

2022-03-18 balance Assets:US:BofA:Checking        3059.79 USD

2022-03-20 * "Verizon Wireless" ""
  Assets:US:BofA:Checking                          -59.66 USD
  Expenses:Home:Phone                               59.66 USD

2022-03-23 * "Wine-Tarner Cable" ""
  Assets:US:BofA:Checking                          -80.01 USD
  Expenses:Home:Internet                            80.01 USD

2022-04-04 * "BANK FEES" "Monthly bank fee"
  Assets:US:BofA:Checking                           -4.00 USD
  Expenses:Financial:Fees                            4.00 USD

2022-04-04 * "RiverBank Properties" "Paying the rent"
  Assets:US:BofA:Checking                        -2400.00 USD
  Expenses:Home:Rent                              2400.00 USD

2022-04-09 * "EDISON POWER" ""
  Assets:US:BofA:Checking                          -65.00 USD
  Expenses:Home:Electricity                         65.00 USD

2022-04-17 balance Assets:US:BofA:Checking        2393.31 USD

2022-04-20 * "Verizon Wireless" ""
  Assets:US:BofA:Checking                          -57.57 USD
  Expenses:Home:Phone                               57.57 USD

2022-04-22 * "Wine-Tarner Cable" ""
  Assets:US:BofA:Checking                          -80.01 USD
  Expenses:Home:Internet                            80.01 USD

2022-05-04 * "BANK FEES" "Monthly bank fee"
  Assets:US:BofA:Checking                           -4.00 USD
  Expenses:Financial:Fees                            4.00 USD

2022-05-05 * "RiverBank Properties" "Paying the rent"
  Assets:US:BofA:Checking                        -2400.00 USD
  Expenses:Home:Rent                              2400.00 USD

2022-05-09 * "EDISON POWER" ""
  Assets:US:BofA:Checking                          -65.00 USD
  Expenses:Home:Electricity                         65.00 USD

2022-05-17 balance Assets:US:BofA:Checking        1798.48 USD

2022-05-19 * "Verizon Wireless" ""
  Assets:US:BofA:Checking                          -69.28 USD
  Expenses:Home:Phone                               69.28 USD

2022-05-22 * "Wine-Tarner Cable" ""
  Assets:US:BofA:Checking                          -80.09 USD
  Expenses:Home:Internet                            80.09 USD

2022-06-04 * "BANK FEES" "Monthly bank fee"
  Assets:US:BofA:Checking                           -4.00 USD
  Expenses:Financial:Fees                            4.00 USD

2022-06-05 * "RiverBank Properties" "Paying the rent"
  Assets:US:BofA:Checking                        -2400.00 USD
  Expenses:Home:Rent                              2400.00 USD

2022-06-09 * "EDISON POWER" ""
  Assets:US:BofA:Checking                          -65.00 USD
  Expenses:Home:Electricity                         65.00 USD

2022-06-12 balance Assets:US:BofA:Checking        1190.79 USD

2022-06-19 * "Verizon Wireless" ""
  Assets:US:BofA:Checking                          -57.55 USD
  Expenses:Home:Phone                               57.55 USD

2022-06-21 * "Wine-Tarner Cable" ""
  Assets:US:BofA:Checking                          -79.84 USD
  Expenses:Home:Internet                            79.84 USD

2022-07-04 * "BANK FEES" "Monthly bank fee"
  Assets:US:BofA:Checking                           -4.00 USD
  Expenses:Financial:Fees                            4.00 USD

2022-07-05 * "RiverBank Properties" "Paying the rent"
  Assets:US:BofA:Checking                        -2400.00 USD
  Expenses:Home:Rent                              2400.00 USD

2022-07-08 * "EDISON POWER" ""
  Assets:US:BofA:Checking                          -65.00 USD
  Expenses:Home:Electricity                         65.00 USD

2022-07-09 balance Assets:US:BofA:Checking         678.68 USD

2022-07-18 * "Verizon Wireless" ""
  Assets:US:BofA:Checking                          -50.57 USD
  Expenses:Home:Phone                               50.57 USD

2022-07-23 * "Wine-Tarner Cable" ""
  Assets:US:BofA:Checking                          -79.94 USD
  Expenses:Home:Internet                            79.94 USD

2022-07-29 balance Assets:US:BofA:Checking        1898.77 USD

2022-08-04 * "BANK FEES" "Monthly bank fee"
  Assets:US:BofA:Checking                           -4.00 USD
  Expenses:Financial:Fees                            4.00 USD

2022-08-06 * "RiverBank Properties" "Paying the rent"
  Assets:US:BofA:Checking                        -2400.00 USD
  Expenses:Home:Rent                              2400.00 USD

2022-08-08 * "EDISON POWER" ""
  Assets:US:BofA:Checking                          -65.00 USD
  Expenses:Home:Electricity                         65.00 USD

2022-08-18 * "Verizon Wireless" ""
  Assets:US:BofA:Checking                          -57.81 USD
  Expenses:Home:Phone                               57.81 USD

2022-08-22 * "Wine-Tarner Cable" ""
  Assets:US:BofA:Checking                          -80.09 USD
  Expenses:Home:Internet                            80.09 USD

2022-08-28 balance Assets:US:BofA:Checking        3360.47 USD

2022-09-04 * "BANK FEES" "Monthly bank fee"
  Assets:US:BofA:Checking                           -4.00 USD
  Expenses:Financial:Fees                            4.00 USD

2022-09-04 * "RiverBank Properties" "Paying the rent"
  Assets:US:BofA:Checking                        -2400.00 USD
  Expenses:Home:Rent                              2400.00 USD

2022-09-08 * "EDISON POWER" ""
  Assets:US:BofA:Checking                          -65.00 USD
  Expenses:Home:Electricity                         65.00 USD

2022-09-16 * "Transfering accumulated savings to other account"
  Assets:US:BofA:Checking                           -4500 USD
  Assets:US:ETrade:Cash                              4500 USD

2022-09-19 * "Verizon Wireless" ""
  Assets:US:BofA:Checking                          -57.68 USD
  Expenses:Home:Phone                               57.68 USD

2022-09-22 balance Assets:US:BofA:Checking         896.13 USD

2022-09-23 * "Wine-Tarner Cable" ""
  Assets:US:BofA:Checking                          -79.94 USD
  Expenses:Home:Internet                            79.94 USD

2022-10-04 * "BANK FEES" "Monthly bank fee"
  Assets:US:BofA:Checking                           -4.00 USD
  Expenses:Financial:Fees                            4.00 USD

2022-10-04 * "RiverBank Properties" "Paying the rent"
  Assets:US:BofA:Checking                        -2400.00 USD
  Expenses:Home:Rent                              2400.00 USD

2022-10-09 * "EDISON POWER" ""
  Assets:US:BofA:Checking                          -65.00 USD
  Expenses:Home:Electricity                         65.00 USD

2022-10-20 balance Assets:US:BofA:Checking        2915.95 USD

2022-10-20 * "Verizon Wireless" ""
  Assets:US:BofA:Checking                          -68.40 USD
  Expenses:Home:Phone                               68.40 USD

2022-10-23 * "Wine-Tarner Cable" ""
  Assets:US:BofA:Checking                          -79.94 USD
  Expenses:Home:Internet                            79.94 USD

2022-11-04 * "BANK FEES" "Monthly bank fee"
  Assets:US:BofA:Checking                           -4.00 USD
  Expenses:Financial:Fees                            4.00 USD

2022-11-05 * "RiverBank Properties" "Paying the rent"
  Assets:US:BofA:Checking                        -2400.00 USD
  Expenses:Home:Rent                              2400.00 USD

2022-11-09 * "EDISON POWER" ""
  Assets:US:BofA:Checking                          -65.00 USD
  Expenses:Home:Electricity                         65.00 USD

2022-11-11 * "Transfering accumulated savings to other account"
  Assets:US:BofA:Checking                           -4500 USD
  Assets:US:ETrade:Cash                              4500 USD

2022-11-12 balance Assets:US:BofA:Checking         505.25 USD

2022-11-19 * "Verizon Wireless" ""
  Assets:US:BofA:Checking                          -86.39 USD
  Expenses:Home:Phone                               86.39 USD

2022-11-22 * "Wine-Tarner Cable" ""
  Assets:US:BofA:Checking                          -79.91 USD
  Expenses:Home:Internet                            79.91 USD

2022-12-04 balance Assets:US:BofA:Checking        2889.55 USD

2022-12-04 * "BANK FEES" "Monthly bank fee"
  Assets:US:BofA:Checking                           -4.00 USD
  Expenses:Financial:Fees                            4.00 USD

2022-12-05 * "RiverBank Properties" "Paying the rent"
  Assets:US:BofA:Checking                        -2400.00 USD
  Expenses:Home:Rent                              2400.00 USD

2022-12-08 * "EDISON POWER" ""
  Assets:US:BofA:Checking                          -65.00 USD
  Expenses:Home:Electricity                         65.00 USD

2022-12-18 * "Verizon Wireless" ""
  Assets:US:BofA:Checking                          -60.54 USD
  Expenses:Home:Phone                               60.54 USD

2022-12-21 * "Wine-Tarner Cable" ""
  Assets:US:BofA:Checking                          -79.94 USD
  Expenses:Home:Internet                            79.94 USD

2022-12-28 balance Assets:US:BofA:Checking        5192.27 USD

2023-01-04 * "BANK FEES" "Monthly bank fee"
  Assets:US:BofA:Checking                           -4.00 USD
  Expenses:Financial:Fees                            4.00 USD

2023-01-05 * "RiverBank Properties" "Paying the rent"
  Assets:US:BofA:Checking                        -2400.00 USD
  Expenses:Home:Rent                              2400.00 USD

2023-01-09 * "EDISON POWER" ""
  Assets:US:BofA:Checking                          -65.00 USD
  Expenses:Home:Electricity                         65.00 USD

2023-01-19 * "Verizon Wireless" ""
  Assets:US:BofA:Checking                          -71.43 USD
  Expenses:Home:Phone                               71.43 USD

2023-01-22 balance Assets:US:BofA:Checking        4756.93 USD

2023-01-23 * "Wine-Tarner Cable" ""
  Assets:US:BofA:Checking                          -79.95 USD
  Expenses:Home:Internet                            79.95 USD

2023-02-04 * "BANK FEES" "Monthly bank fee"
  Assets:US:BofA:Checking                           -4.00 USD
  Expenses:Financial:Fees                            4.00 USD

2023-02-06 * "RiverBank Properties" "Paying the rent"
  Assets:US:BofA:Checking                        -2400.00 USD
  Expenses:Home:Rent                              2400.00 USD

2023-02-09 * "EDISON POWER" ""
  Assets:US:BofA:Checking                          -65.00 USD
  Expenses:Home:Electricity                         65.00 USD

2023-02-19 * "Verizon Wireless" ""
  Assets:US:BofA:Checking                          -45.49 USD
  Expenses:Home:Phone                               45.49 USD

2023-02-20 balance Assets:US:BofA:Checking        4206.63 USD

2023-02-22 * "Wine-Tarner Cable" ""
  Assets:US:BofA:Checking                          -79.97 USD
  Expenses:Home:Internet                            79.97 USD

2023-03-04 * "BANK FEES" "Monthly bank fee"
  Assets:US:BofA:Checking                           -4.00 USD
  Expenses:Financial:Fees                            4.00 USD

2023-03-06 * "RiverBank Properties" "Paying the rent"
  Assets:US:BofA:Checking                        -2400.00 USD
  Expenses:Home:Rent                              2400.00 USD

2023-03-09 * "EDISON POWER" ""
  Assets:US:BofA:Checking                          -65.00 USD
  Expenses:Home:Electricity                         65.00 USD

2023-03-12 balance Assets:US:BofA:Checking        2427.06 USD

2023-03-19 * "Verizon Wireless" ""
  Assets:US:BofA:Checking                          -60.53 USD
  Expenses:Home:Phone                               60.53 USD

2023-03-22 * "Wine-Tarner Cable" ""
  Assets:US:BofA:Checking                          -80.11 USD
  Expenses:Home:Internet                            80.11 USD

2023-04-01 balance Assets:US:BofA:Checking        4251.37 USD

2023-04-03 * "RiverBank Properties" "Paying the rent"
  Assets:US:BofA:Checking                        -2400.00 USD
  Expenses:Home:Rent                              2400.00 USD

2023-04-04 * "BANK FEES" "Monthly bank fee"
  Assets:US:BofA:Checking                           -4.00 USD
  Expenses:Financial:Fees                            4.00 USD

2023-04-09 * "EDISON POWER" ""
  Assets:US:BofA:Checking                          -65.00 USD
  Expenses:Home:Electricity                         65.00 USD

2023-04-19 * "Verizon Wireless" ""
  Assets:US:BofA:Checking                          -50.47 USD
  Expenses:Home:Phone                               50.47 USD

2023-04-21 balance Assets:US:BofA:Checking        2482.09 USD

2023-04-23 * "Wine-Tarner Cable" ""
  Assets:US:BofA:Checking                          -80.04 USD
  Expenses:Home:Internet                            80.04 USD

2023-05-04 * "BANK FEES" "Monthly bank fee"
  Assets:US:BofA:Checking                           -4.00 USD
  Expenses:Financial:Fees                            4.00 USD

2023-05-06 * "RiverBank Properties" "Paying the rent"
  Assets:US:BofA:Checking                        -2400.00 USD
  Expenses:Home:Rent                              2400.00 USD

2023-05-09 * "EDISON POWER" ""
  Assets:US:BofA:Checking                          -65.00 USD
  Expenses:Home:Electricity                         65.00 USD

2023-05-13 balance Assets:US:BofA:Checking        1978.86 USD

2023-05-19 * "Verizon Wireless" ""
  Assets:US:BofA:Checking                          -54.12 USD
  Expenses:Home:Phone                               54.12 USD

2023-05-21 * "Wine-Tarner Cable" ""
  Assets:US:BofA:Checking                          -79.93 USD
  Expenses:Home:Internet                            79.93 USD

2023-06-04 * "BANK FEES" "Monthly bank fee"
  Assets:US:BofA:Checking                           -4.00 USD
  Expenses:Financial:Fees                            4.00 USD

2023-06-04 * "RiverBank Properties" "Paying the rent"
  Assets:US:BofA:Checking                        -2400.00 USD
  Expenses:Home:Rent                              2400.00 USD

2023-06-08 balance Assets:US:BofA:Checking         791.41 USD

2023-06-09 * "EDISON POWER" ""
  Assets:US:BofA:Checking                          -65.00 USD
  Expenses:Home:Electricity                         65.00 USD

2023-06-19 * "Verizon Wireless" ""
  Assets:US:BofA:Checking                          -62.05 USD
  Expenses:Home:Phone                               62.05 USD

2023-06-22 * "Wine-Tarner Cable" ""
  Assets:US:BofA:Checking                          -79.85 USD
  Expenses:Home:Internet                            79.85 USD

2023-07-04 * "BANK FEES" "Monthly bank fee"
  Assets:US:BofA:Checking                           -4.00 USD
  Expenses:Financial:Fees                            4.00 USD

2023-07-05 * "RiverBank Properties" "Paying the rent"
  Assets:US:BofA:Checking                        -2400.00 USD
  Expenses:Home:Rent                              2400.00 USD

2023-07-06 balance Assets:US:BofA:Checking         249.50 USD

2023-07-09 * "EDISON POWER" ""
  Assets:US:BofA:Checking                          -65.00 USD
  Expenses:Home:Electricity                         65.00 USD

2023-07-19 * "Verizon Wireless" ""
  Assets:US:BofA:Checking                          -49.58 USD
  Expenses:Home:Phone                               49.58 USD

2023-07-22 * "Wine-Tarner Cable" ""
  Assets:US:BofA:Checking                          -79.90 USD
  Expenses:Home:Internet                            79.90 USD

2023-07-31 balance Assets:US:BofA:Checking        2062.34 USD

2023-08-03 * "RiverBank Properties" "Paying the rent"
  Assets:US:BofA:Checking                        -2400.00 USD
  Expenses:Home:Rent                              2400.00 USD

2023-08-04 * "BANK FEES" "Monthly bank fee"
  Assets:US:BofA:Checking                           -4.00 USD
  Expenses:Financial:Fees                            4.00 USD

2023-08-08 * "EDISON POWER" ""
  Assets:US:BofA:Checking                          -65.00 USD
  Expenses:Home:Electricity                         65.00 USD

2023-08-20 * "Verizon Wireless" ""
  Assets:US:BofA:Checking                          -55.66 USD
  Expenses:Home:Phone                               55.66 USD

2023-08-22 balance Assets:US:BofA:Checking        3414.02 USD

2023-08-23 * "Wine-Tarner Cable" ""
  Assets:US:BofA:Checking                          -80.06 USD
  Expenses:Home:Internet                            80.06 USD

2023-09-04 * "BANK FEES" "Monthly bank fee"
  Assets:US:BofA:Checking                           -4.00 USD
  Expenses:Financial:Fees                            4.00 USD

2023-09-05 * "RiverBank Properties" "Paying the rent"
  Assets:US:BofA:Checking                        -2400.00 USD
  Expenses:Home:Rent                              2400.00 USD

2023-09-09 * "EDISON POWER" ""
  Assets:US:BofA:Checking                          -65.00 USD
  Expenses:Home:Electricity                         65.00 USD

2023-09-12 balance Assets:US:BofA:Checking        2675.73 USD

2023-09-15 * "Transfering accumulated savings to other account"
  Assets:US:BofA:Checking                           -4000 USD
  Assets:US:ETrade:Cash                              4000 USD

2023-09-18 * "Verizon Wireless" ""
  Assets:US:BofA:Checking                          -75.84 USD
  Expenses:Home:Phone                               75.84 USD

2023-09-21 * "Wine-Tarner Cable" ""
  Assets:US:BofA:Checking                          -80.02 USD
  Expenses:Home:Internet                            80.02 USD

2023-10-03 * "RiverBank Properties" "Paying the rent"
  Assets:US:BofA:Checking                        -2400.00 USD
  Expenses:Home:Rent                              2400.00 USD

2023-10-04 * "BANK FEES" "Monthly bank fee"
  Assets:US:BofA:Checking                           -4.00 USD
  Expenses:Financial:Fees                            4.00 USD

2023-10-09 * "EDISON POWER" ""
  Assets:US:BofA:Checking                          -65.00 USD
  Expenses:Home:Electricity                         65.00 USD

2023-10-12 balance Assets:US:BofA:Checking         482.63 USD

2023-10-19 * "Verizon Wireless" ""
  Assets:US:BofA:Checking                          -60.90 USD
  Expenses:Home:Phone                               60.90 USD

2023-10-21 * "Wine-Tarner Cable" ""
  Assets:US:BofA:Checking                          -80.05 USD
  Expenses:Home:Internet                            80.05 USD

2023-11-04 * "BANK FEES" "Monthly bank fee"
  Assets:US:BofA:Checking                           -4.00 USD
  Expenses:Financial:Fees                            4.00 USD

2023-11-06 * "RiverBank Properties" "Paying the rent"
  Assets:US:BofA:Checking                        -2400.00 USD
  Expenses:Home:Rent                              2400.00 USD

2023-11-07 balance Assets:US:BofA:Checking        3038.88 USD

2023-11-09 * "EDISON POWER" ""
  Assets:US:BofA:Checking                          -65.00 USD
  Expenses:Home:Electricity                         65.00 USD

2023-11-10 * "Transfering accumulated savings to other account"
  Assets:US:BofA:Checking                           -4000 USD
  Assets:US:ETrade:Cash                              4000 USD

2023-11-20 * "Verizon Wireless" ""
  Assets:US:BofA:Checking                          -68.45 USD
  Expenses:Home:Phone                               68.45 USD

2023-11-23 * "Wine-Tarner Cable" ""
  Assets:US:BofA:Checking                          -80.03 USD
  Expenses:Home:Internet                            80.03 USD

2023-11-28 balance Assets:US:BofA:Checking        3155.78 USD

2023-12-04 * "BANK FEES" "Monthly bank fee"
  Assets:US:BofA:Checking                           -4.00 USD
  Expenses:Financial:Fees                            4.00 USD

2023-12-05 * "RiverBank Properties" "Paying the rent"
  Assets:US:BofA:Checking                        -2400.00 USD
  Expenses:Home:Rent                              2400.00 USD

2023-12-08 * "EDISON POWER" ""
  Assets:US:BofA:Checking                          -65.00 USD
  Expenses:Home:Electricity                         65.00 USD

2023-12-20 * "Verizon Wireless" ""
  Assets:US:BofA:Checking                          -74.59 USD
  Expenses:Home:Phone                               74.59 USD

2023-12-21 * "Wine-Tarner Cable" ""
  Assets:US:BofA:Checking                          -80.18 USD
  Expenses:Home:Internet                            80.18 USD

2023-12-24 balance Assets:US:BofA:Checking        5763.73 USD

2024-01-04 * "BANK FEES" "Monthly bank fee"
  Assets:US:BofA:Checking                           -4.00 USD
  Expenses:Financial:Fees                            4.00 USD

2024-01-06 * "RiverBank Properties" "Paying the rent"
  Assets:US:BofA:Checking                        -2400.00 USD
  Expenses:Home:Rent                              2400.00 USD

2024-01-09 * "EDISON POWER" ""
  Assets:US:BofA:Checking                          -65.00 USD
  Expenses:Home:Electricity                         65.00 USD

2024-01-19 * "Verizon Wireless" ""
  Assets:US:BofA:Checking                          -66.01 USD
  Expenses:Home:Phone                               66.01 USD

2024-01-22 balance Assets:US:BofA:Checking        5142.12 USD

2024-01-23 * "Wine-Tarner Cable" ""
  Assets:US:BofA:Checking                          -80.01 USD
  Expenses:Home:Internet                            80.01 USD

2024-02-04 * "BANK FEES" "Monthly bank fee"
  Assets:US:BofA:Checking                           -4.00 USD
  Expenses:Financial:Fees                            4.00 USD

2024-02-04 * "RiverBank Properties" "Paying the rent"
  Assets:US:BofA:Checking                        -2400.00 USD
  Expenses:Home:Rent                              2400.00 USD

2024-02-08 * "EDISON POWER" ""
  Assets:US:BofA:Checking                          -65.00 USD
  Expenses:Home:Electricity                         65.00 USD

2024-02-13 balance Assets:US:BofA:Checking        3246.52 USD

2024-02-20 * "Verizon Wireless" ""
  Assets:US:BofA:Checking                          -55.30 USD
  Expenses:Home:Phone                               55.30 USD

2024-02-23 * "Wine-Tarner Cable" ""
  Assets:US:BofA:Checking                          -80.03 USD
  Expenses:Home:Internet                            80.03 USD

2024-03-03 * "RiverBank Properties" "Paying the rent"
  Assets:US:BofA:Checking                        -2400.00 USD
  Expenses:Home:Rent                              2400.00 USD

2024-03-04 * "BANK FEES" "Monthly bank fee"
  Assets:US:BofA:Checking                           -4.00 USD
  Expenses:Financial:Fees                            4.00 USD

2024-03-06 balance Assets:US:BofA:Checking        3408.39 USD

2024-03-08 * "EDISON POWER" ""
  Assets:US:BofA:Checking                          -65.00 USD
  Expenses:Home:Electricity                         65.00 USD

2024-03-19 * "Verizon Wireless" ""
  Assets:US:BofA:Checking                          -50.07 USD
  Expenses:Home:Phone                               50.07 USD

2024-03-23 * "Wine-Tarner Cable" ""
  Assets:US:BofA:Checking                          -79.90 USD
  Expenses:Home:Internet                            79.90 USD

2024-03-28 balance Assets:US:BofA:Checking        3157.23 USD

2024-04-04 * "BANK FEES" "Monthly bank fee"
  Assets:US:BofA:Checking                           -4.00 USD
  Expenses:Financial:Fees                            4.00 USD

2024-04-06 * "RiverBank Properties" "Paying the rent"
  Assets:US:BofA:Checking                        -2400.00 USD
  Expenses:Home:Rent                              2400.00 USD

2024-04-08 * "EDISON POWER" ""
  Assets:US:BofA:Checking                          -65.00 USD
  Expenses:Home:Electricity                         65.00 USD

2024-04-18 * "Verizon Wireless" ""
  Assets:US:BofA:Checking                          -46.08 USD
  Expenses:Home:Phone                               46.08 USD

2024-04-20 balance Assets:US:BofA:Checking        2599.78 USD

2024-04-22 * "Wine-Tarner Cable" ""
  Assets:US:BofA:Checking                          -79.97 USD
  Expenses:Home:Internet                            79.97 USD

2024-05-04 * "BANK FEES" "Monthly bank fee"
  Assets:US:BofA:Checking                           -4.00 USD
  Expenses:Financial:Fees                            4.00 USD

2024-05-05 * "RiverBank Properties" "Paying the rent"
  Assets:US:BofA:Checking                        -2400.00 USD
  Expenses:Home:Rent                              2400.00 USD

2024-05-08 * "EDISON POWER" ""
  Assets:US:BofA:Checking                          -65.00 USD
  Expenses:Home:Electricity                         65.00 USD

2024-05-10 balance Assets:US:BofA:Checking        2251.04 USD

2024-05-20 * "Verizon Wireless" ""
  Assets:US:BofA:Checking                          -63.18 USD
  Expenses:Home:Phone                               63.18 USD

2024-05-21 * "Wine-Tarner Cable" ""
  Assets:US:BofA:Checking                          -79.92 USD
  Expenses:Home:Internet                            79.92 USD

2024-06-04 balance Assets:US:BofA:Checking        3458.54 USD

2024-06-04 * "BANK FEES" "Monthly bank fee"
  Assets:US:BofA:Checking                           -4.00 USD
  Expenses:Financial:Fees                            4.00 USD

2024-06-05 * "RiverBank Properties" "Paying the rent"
  Assets:US:BofA:Checking                        -2400.00 USD
  Expenses:Home:Rent                              2400.00 USD

2024-06-09 * "EDISON POWER" ""
  Assets:US:BofA:Checking                          -65.00 USD
  Expenses:Home:Electricity                         65.00 USD

2024-06-19 * "Verizon Wireless" ""
  Assets:US:BofA:Checking                          -56.72 USD
  Expenses:Home:Phone                               56.72 USD

2024-06-21 * "Wine-Tarner Cable" ""
  Assets:US:BofA:Checking                          -79.90 USD
  Expenses:Home:Internet                            79.90 USD

2024-06-28 balance Assets:US:BofA:Checking        2817.86 USD

2024-07-04 * "BANK FEES" "Monthly bank fee"
  Assets:US:BofA:Checking                           -4.00 USD
  Expenses:Financial:Fees                            4.00 USD

2024-07-04 * "RiverBank Properties" "Paying the rent"
  Assets:US:BofA:Checking                        -2400.00 USD
  Expenses:Home:Rent                              2400.00 USD

2024-07-09 * "EDISON POWER" ""
  Assets:US:BofA:Checking                          -65.00 USD
  Expenses:Home:Electricity                         65.00 USD

2024-07-20 * "Verizon Wireless" ""
  Assets:US:BofA:Checking                          -60.96 USD
  Expenses:Home:Phone                               60.96 USD

2024-07-23 * "Wine-Tarner Cable" ""
  Assets:US:BofA:Checking                          -80.03 USD
  Expenses:Home:Internet                            80.03 USD

2024-07-26 balance Assets:US:BofA:Checking        2146.10 USD

2024-08-03 * "RiverBank Properties" "Paying the rent"
  Assets:US:BofA:Checking                        -2400.00 USD
  Expenses:Home:Rent                              2400.00 USD

2024-08-04 * "BANK FEES" "Monthly bank fee"
  Assets:US:BofA:Checking                           -4.00 USD
  Expenses:Financial:Fees                            4.00 USD

2024-08-08 * "EDISON POWER" ""
  Assets:US:BofA:Checking                          -65.00 USD
  Expenses:Home:Electricity                         65.00 USD

2024-08-16 * "Transfering accumulated savings to other account"
  Assets:US:BofA:Checking                           -3000 USD
  Assets:US:ETrade:Cash                              3000 USD

2024-08-18 * "Verizon Wireless" ""
  Assets:US:BofA:Checking                          -75.79 USD
  Expenses:Home:Phone                               75.79 USD

2024-08-20 balance Assets:US:BofA:Checking         484.77 USD

2024-08-23 * "Wine-Tarner Cable" ""
  Assets:US:BofA:Checking                          -80.06 USD
  Expenses:Home:Internet                            80.06 USD

2024-09-04 * "BANK FEES" "Monthly bank fee"
  Assets:US:BofA:Checking                           -4.00 USD
  Expenses:Financial:Fees                            4.00 USD

2024-09-05 * "RiverBank Properties" "Paying the rent"
  Assets:US:BofA:Checking                        -2400.00 USD
  Expenses:Home:Rent                              2400.00 USD

2024-09-08 * "EDISON POWER" ""
  Assets:US:BofA:Checking                          -65.00 USD
  Expenses:Home:Electricity                         65.00 USD

2024-09-19 balance Assets:US:BofA:Checking        3036.91 USD

2024-09-19 * "Verizon Wireless" ""
  Assets:US:BofA:Checking                          -63.45 USD
  Expenses:Home:Phone                               63.45 USD

2024-09-21 * "Wine-Tarner Cable" ""
  Assets:US:BofA:Checking                          -80.22 USD
  Expenses:Home:Internet                            80.22 USD

2024-09-27 * "Transfering accumulated savings to other account"
  Assets:US:BofA:Checking                           -5000 USD
  Assets:US:ETrade:Cash                              5000 USD



* Credit-Cards

1980-05-12 open Liabilities:US:Chase:Slate                      USD

2022-01-04 * "Cafe Modagor" "Eating out after work"
  Liabilities:US:Chase:Slate                       -22.81 USD
  Expenses:Food:Restaurant                          22.81 USD

2022-01-08 * "Jewel of Morroco" "Eating out alone"
  Liabilities:US:Chase:Slate                       -28.62 USD
  Expenses:Food:Restaurant                          28.62 USD

2022-01-09 * "China Garden" "Eating out after work"
  Liabilities:US:Chase:Slate                       -23.04 USD
  Expenses:Food:Restaurant                          23.04 USD

2022-01-10 * "Jewel of Morroco" "Eating out after work"
  Liabilities:US:Chase:Slate                       -47.84 USD
  Expenses:Food:Restaurant                          47.84 USD

2022-01-11 * "Cafe Modagor" "Eating out with Natasha"
  Liabilities:US:Chase:Slate                       -21.13 USD
  Expenses:Food:Restaurant                          21.13 USD

2022-01-11 * "Chase:Slate" "Paying off credit card"
  Liabilities:US:Chase:Slate                       143.44 USD
  Assets:US:BofA:Checking                         -143.44 USD

2022-01-13 * "Farmer Fresh" "Buying groceries"
  Liabilities:US:Chase:Slate                       -73.93 USD
  Expenses:Food:Groceries                           73.93 USD

2022-01-15 * "Chichipotle" "Eating out with Julie"
  Liabilities:US:Chase:Slate                       -58.30 USD
  Expenses:Food:Restaurant                          58.30 USD

2022-01-20 * "Jewel of Morroco" "Eating out "
  Liabilities:US:Chase:Slate                       -33.89 USD
  Expenses:Food:Restaurant                          33.89 USD

2022-01-21 * "Good Moods Market" "Buying groceries"
  Liabilities:US:Chase:Slate                       -74.43 USD
  Expenses:Food:Groceries                           74.43 USD

2022-01-23 balance Liabilities:US:Chase:Slate     -240.55 USD

2022-01-24 * "Jewel of Morroco" "Eating out after work"
  Liabilities:US:Chase:Slate                       -26.24 USD
  Expenses:Food:Restaurant                          26.24 USD

2022-01-27 * "Farmer Fresh" "Buying groceries"
  Liabilities:US:Chase:Slate                       -51.45 USD
  Expenses:Food:Groceries                           51.45 USD

2022-01-28 * "Uncle Boons" "Eating out with Julie"
  Liabilities:US:Chase:Slate                       -20.40 USD
  Expenses:Food:Restaurant                          20.40 USD

2022-01-29 * "Jewel of Morroco" "Eating out with work buddies"
  Liabilities:US:Chase:Slate                       -21.13 USD
  Expenses:Food:Restaurant                          21.13 USD

2022-02-02 * "Metro Transport Authority" "Tram tickets"
  Liabilities:US:Chase:Slate                      -120.00 USD
  Expenses:Transport:Tram                          120.00 USD

2022-02-03 * "Jewel of Morroco" "Eating out with Bill"
  Liabilities:US:Chase:Slate                       -38.75 USD
  Expenses:Food:Restaurant                          38.75 USD

2022-02-04 * "Cafe Modagor" "Eating out after work"
  Liabilities:US:Chase:Slate                       -54.55 USD
  Expenses:Food:Restaurant                          54.55 USD

2022-02-06 * "Cafe Modagor" "Eating out with Julie"
  Liabilities:US:Chase:Slate                       -34.76 USD
  Expenses:Food:Restaurant                          34.76 USD

2022-02-07 * "Jewel of Morroco" "Eating out alone"
  Liabilities:US:Chase:Slate                       -16.46 USD
  Expenses:Food:Restaurant                          16.46 USD

2022-02-09 * "China Garden" "Eating out with Bill"
  Liabilities:US:Chase:Slate                       -37.84 USD
  Expenses:Food:Restaurant                          37.84 USD

2022-02-10 * "Chase:Slate" "Paying off credit card"
  Liabilities:US:Chase:Slate                       687.44 USD
  Assets:US:BofA:Checking                         -687.44 USD

2022-02-11 * "Rose Flower" "Eating out with Joe"
  Liabilities:US:Chase:Slate                       -25.31 USD
  Expenses:Food:Restaurant                          25.31 USD

2022-02-13 * "Good Moods Market" "Buying groceries"
  Liabilities:US:Chase:Slate                       -84.30 USD
  Expenses:Food:Groceries                           84.30 USD

2022-02-15 * "Jewel of Morroco" "Eating out "
  Liabilities:US:Chase:Slate                       -43.79 USD
  Expenses:Food:Restaurant                          43.79 USD

2022-02-18 balance Liabilities:US:Chase:Slate     -128.09 USD

2022-02-19 * "Chichipotle" "Eating out "
  Liabilities:US:Chase:Slate                       -39.01 USD
  Expenses:Food:Restaurant                          39.01 USD

2022-02-24 * "Jewel of Morroco" "Eating out with work buddies"
  Liabilities:US:Chase:Slate                       -38.64 USD
  Expenses:Food:Restaurant                          38.64 USD

2022-02-25 * "Onion Market" "Buying groceries"
  Liabilities:US:Chase:Slate                       -86.86 USD
  Expenses:Food:Groceries                           86.86 USD

2022-02-27 * "Rose Flower" "Eating out with Julie"
  Liabilities:US:Chase:Slate                       -55.47 USD
  Expenses:Food:Restaurant                          55.47 USD

2022-03-02 * "Rose Flower" "Eating out alone"
  Liabilities:US:Chase:Slate                       -24.26 USD
  Expenses:Food:Restaurant                          24.26 USD

2022-03-03 * "Metro Transport Authority" "Tram tickets"
  Liabilities:US:Chase:Slate                      -120.00 USD
  Expenses:Transport:Tram                          120.00 USD

2022-03-04 * "Uncle Boons" "Eating out with Bill"
  Liabilities:US:Chase:Slate                       -34.80 USD
  Expenses:Food:Restaurant                          34.80 USD

2022-03-04 * "Onion Market" "Buying groceries"
  Liabilities:US:Chase:Slate                      -107.97 USD
  Expenses:Food:Groceries                          107.97 USD

2022-03-08 * "Goba Goba" "Eating out with Natasha"
  Liabilities:US:Chase:Slate                       -13.57 USD
  Expenses:Food:Restaurant                          13.57 USD

2022-03-09 * "Good Moods Market" "Buying groceries"
  Liabilities:US:Chase:Slate                       -66.21 USD
  Expenses:Food:Groceries                           66.21 USD

2022-03-10 * "Chase:Slate" "Paying off credit card"
  Liabilities:US:Chase:Slate                       757.55 USD
  Assets:US:BofA:Checking                         -757.55 USD

2022-03-12 * "Uncle Boons" "Eating out with Julie"
  Liabilities:US:Chase:Slate                       -42.67 USD
  Expenses:Food:Restaurant                          42.67 USD

2022-03-14 * "Goba Goba" "Eating out after work"
  Liabilities:US:Chase:Slate                       -78.63 USD
  Expenses:Food:Restaurant                          78.63 USD

2022-03-14 * "Farmer Fresh" "Buying groceries"
  Liabilities:US:Chase:Slate                       -77.51 USD
  Expenses:Food:Groceries                           77.51 USD

2022-03-19 * "Cafe Modagor" "Eating out after work"
  Liabilities:US:Chase:Slate                       -50.21 USD
  Expenses:Food:Restaurant                          50.21 USD

2022-03-20 balance Liabilities:US:Chase:Slate     -206.35 USD

2022-03-22 * "China Garden" "Eating out with Bill"
  Liabilities:US:Chase:Slate                       -19.17 USD
  Expenses:Food:Restaurant                          19.17 USD

2022-03-24 * "Jewel of Morroco" "Eating out after work"
  Liabilities:US:Chase:Slate                       -25.46 USD
  Expenses:Food:Restaurant                          25.46 USD

2022-03-25 * "China Garden" "Eating out with work buddies"
  Liabilities:US:Chase:Slate                       -23.15 USD
  Expenses:Food:Restaurant                          23.15 USD

2022-03-26 * "Rose Flower" "Eating out with work buddies"
  Liabilities:US:Chase:Slate                       -67.08 USD
  Expenses:Food:Restaurant                          67.08 USD

2022-03-30 * "Uncle Boons" "Eating out after work"
  Liabilities:US:Chase:Slate                       -34.07 USD
  Expenses:Food:Restaurant                          34.07 USD

2022-03-30 * "Corner Deli" "Buying groceries"
  Liabilities:US:Chase:Slate                      -114.07 USD
  Expenses:Food:Groceries                          114.07 USD

2022-04-01 * "Metro Transport Authority" "Tram tickets"
  Liabilities:US:Chase:Slate                      -120.00 USD
  Expenses:Transport:Tram                          120.00 USD

2022-04-04 * "Cafe Modagor" "Eating out with Natasha"
  Liabilities:US:Chase:Slate                       -31.47 USD
  Expenses:Food:Restaurant                          31.47 USD

2022-04-04 * "Farmer Fresh" "Buying groceries"
  Liabilities:US:Chase:Slate                       -67.22 USD
  Expenses:Food:Groceries                           67.22 USD

2022-04-08 * "Kin Soy" "Eating out with Natasha"
  Liabilities:US:Chase:Slate                       -24.84 USD
  Expenses:Food:Restaurant                          24.84 USD

2022-04-10 * "Goba Goba" "Eating out alone"
  Liabilities:US:Chase:Slate                       -26.13 USD
  Expenses:Food:Restaurant                          26.13 USD

2022-04-10 * "Chase:Slate" "Paying off credit card"
  Liabilities:US:Chase:Slate                       759.01 USD
  Assets:US:BofA:Checking                         -759.01 USD

2022-04-14 * "Jewel of Morroco" "Eating out with Joe"
  Liabilities:US:Chase:Slate                       -25.02 USD
  Expenses:Food:Restaurant                          25.02 USD

2022-04-16 * "China Garden" "Eating out alone"
  Liabilities:US:Chase:Slate                       -40.94 USD
  Expenses:Food:Restaurant                          40.94 USD

2022-04-16 * "Good Moods Market" "Buying groceries"
  Liabilities:US:Chase:Slate                       -76.11 USD
  Expenses:Food:Groceries                           76.11 USD

2022-04-17 balance Liabilities:US:Chase:Slate     -142.07 USD

2022-04-18 * "Rose Flower" "Eating out with Bill"
  Liabilities:US:Chase:Slate                       -25.87 USD
  Expenses:Food:Restaurant                          25.87 USD

2022-04-19 * "Uncle Boons" "Eating out "
  Liabilities:US:Chase:Slate                       -40.37 USD
  Expenses:Food:Restaurant                          40.37 USD

2022-04-20 * "Chichipotle" "Eating out with Julie"
  Liabilities:US:Chase:Slate                       -48.71 USD
  Expenses:Food:Restaurant                          48.71 USD

2022-04-22 * "Chichipotle" "Eating out after work"
  Liabilities:US:Chase:Slate                       -43.59 USD
  Expenses:Food:Restaurant                          43.59 USD

2022-04-23 * "Chichipotle" "Eating out after work"
  Liabilities:US:Chase:Slate                       -80.42 USD
  Expenses:Food:Restaurant                          80.42 USD

2022-04-28 * "Goba Goba" "Eating out "
  Liabilities:US:Chase:Slate                       -30.88 USD
  Expenses:Food:Restaurant                          30.88 USD

2022-05-02 * "China Garden" "Eating out "
  Liabilities:US:Chase:Slate                       -15.01 USD
  Expenses:Food:Restaurant                          15.01 USD

2022-05-04 * "Metro Transport Authority" "Tram tickets"
  Liabilities:US:Chase:Slate                      -120.00 USD
  Expenses:Transport:Tram                          120.00 USD

2022-05-06 * "Corner Deli" "Buying groceries"
  Liabilities:US:Chase:Slate                       -53.76 USD
  Expenses:Food:Groceries                           53.76 USD

2022-05-07 * "Cafe Modagor" "Eating out with Julie"
  Liabilities:US:Chase:Slate                       -33.48 USD
  Expenses:Food:Restaurant                          33.48 USD

2022-05-08 * "Goba Goba" "Eating out with Joe"
  Liabilities:US:Chase:Slate                       -21.91 USD
  Expenses:Food:Restaurant                          21.91 USD

2022-05-10 * "Chase:Slate" "Paying off credit card"
  Liabilities:US:Chase:Slate                       689.45 USD
  Assets:US:BofA:Checking                         -689.45 USD

2022-05-13 * "Chichipotle" "Eating out with Bill"
  Liabilities:US:Chase:Slate                       -33.38 USD
  Expenses:Food:Restaurant                          33.38 USD

2022-05-14 * "Chichipotle" "Eating out with Julie"
  Liabilities:US:Chase:Slate                       -49.67 USD
  Expenses:Food:Restaurant                          49.67 USD

2022-05-15 balance Liabilities:US:Chase:Slate      -49.67 USD

2022-05-17 * "Chichipotle" "Eating out with Natasha"
  Liabilities:US:Chase:Slate                       -43.80 USD
  Expenses:Food:Restaurant                          43.80 USD

2022-05-18 * "Good Moods Market" "Buying groceries"
  Liabilities:US:Chase:Slate                      -116.34 USD
  Expenses:Food:Groceries                          116.34 USD

2022-05-21 * "Goba Goba" "Eating out with Julie"
  Liabilities:US:Chase:Slate                       -38.18 USD
  Expenses:Food:Restaurant                          38.18 USD

2022-05-25 * "Jewel of Morroco" "Eating out after work"
  Liabilities:US:Chase:Slate                       -22.36 USD
  Expenses:Food:Restaurant                          22.36 USD

2022-05-27 * "Goba Goba" "Eating out with work buddies"
  Liabilities:US:Chase:Slate                       -11.49 USD
  Expenses:Food:Restaurant                          11.49 USD

2022-05-30 * "Onion Market" "Buying groceries"
  Liabilities:US:Chase:Slate                       -65.50 USD
  Expenses:Food:Groceries                           65.50 USD

2022-05-31 * "Metro Transport Authority" "Tram tickets"
  Liabilities:US:Chase:Slate                      -120.00 USD
  Expenses:Transport:Tram                          120.00 USD

2022-06-01 * "Chichipotle" "Eating out with Natasha"
  Liabilities:US:Chase:Slate                       -40.43 USD
  Expenses:Food:Restaurant                          40.43 USD

2022-06-04 * "China Garden" "Eating out "
  Liabilities:US:Chase:Slate                       -21.05 USD
  Expenses:Food:Restaurant                          21.05 USD

2022-06-05 balance Liabilities:US:Chase:Slate     -528.82 USD

2022-06-05 * "Corner Deli" "Buying groceries"
  Liabilities:US:Chase:Slate                       -60.15 USD
  Expenses:Food:Groceries                           60.15 USD

2022-06-07 * "Kin Soy" "Eating out with Julie"
  Liabilities:US:Chase:Slate                       -37.13 USD
  Expenses:Food:Restaurant                          37.13 USD

2022-06-10 * "Farmer Fresh" "Buying groceries"
  Liabilities:US:Chase:Slate                       -64.42 USD
  Expenses:Food:Groceries                           64.42 USD

2022-06-10 * "Chase:Slate" "Paying off credit card"
  Liabilities:US:Chase:Slate                       690.52 USD
  Assets:US:BofA:Checking                         -690.52 USD

2022-06-12 * "Uncle Boons" "Eating out with work buddies"
  Liabilities:US:Chase:Slate                       -18.86 USD
  Expenses:Food:Restaurant                          18.86 USD

2022-06-17 * "Chichipotle" "Eating out with Joe"
  Liabilities:US:Chase:Slate                       -46.69 USD
  Expenses:Food:Restaurant                          46.69 USD

2022-06-18 * "Onion Market" "Buying groceries"
  Liabilities:US:Chase:Slate                       -81.95 USD
  Expenses:Food:Groceries                           81.95 USD

2022-06-22 * "China Garden" "Eating out with Bill"
  Liabilities:US:Chase:Slate                       -19.13 USD
  Expenses:Food:Restaurant                          19.13 USD

2022-06-25 balance Liabilities:US:Chase:Slate     -166.63 USD

2022-06-25 * "Rose Flower" "Eating out "
  Liabilities:US:Chase:Slate                       -24.84 USD
  Expenses:Food:Restaurant                          24.84 USD

2022-06-27 * "Metro Transport Authority" "Tram tickets"
  Liabilities:US:Chase:Slate                      -120.00 USD
  Expenses:Transport:Tram                          120.00 USD

2022-06-28 * "Goba Goba" "Eating out after work"
  Liabilities:US:Chase:Slate                       -36.93 USD
  Expenses:Food:Restaurant                          36.93 USD

2022-06-29 * "Kin Soy" "Eating out with Bill"
  Liabilities:US:Chase:Slate                       -32.42 USD
  Expenses:Food:Restaurant                          32.42 USD

2022-07-02 * "Good Moods Market" "Buying groceries"
  Liabilities:US:Chase:Slate                       -66.72 USD
  Expenses:Food:Groceries                           66.72 USD

2022-07-03 * "Chichipotle" "Eating out with Joe"
  Liabilities:US:Chase:Slate                       -47.12 USD
  Expenses:Food:Restaurant                          47.12 USD

2022-07-06 * "Jewel of Morroco" "Eating out after work"
  Liabilities:US:Chase:Slate                       -19.02 USD
  Expenses:Food:Restaurant                          19.02 USD

2022-07-07 * "Goba Goba" "Eating out with Julie"
  Liabilities:US:Chase:Slate                       -33.61 USD
  Expenses:Food:Restaurant                          33.61 USD

2022-07-08 * "Chase:Slate" "Paying off credit card"
  Liabilities:US:Chase:Slate                       606.92 USD
  Assets:US:BofA:Checking                         -606.92 USD

2022-07-09 * "China Garden" "Eating out with Julie"
  Liabilities:US:Chase:Slate                       -59.63 USD
  Expenses:Food:Restaurant                          59.63 USD

2022-07-10 * "Cafe Modagor" "Eating out alone"
  Liabilities:US:Chase:Slate                       -44.45 USD
  Expenses:Food:Restaurant                          44.45 USD

2022-07-12 * "Chichipotle" "Eating out with Bill"
  Liabilities:US:Chase:Slate                       -27.23 USD
  Expenses:Food:Restaurant                          27.23 USD

2022-07-15 * "Uncle Boons" "Eating out with Bill"
  Liabilities:US:Chase:Slate                       -23.81 USD
  Expenses:Food:Restaurant                          23.81 USD

2022-07-15 * "Good Moods Market" "Buying groceries"
  Liabilities:US:Chase:Slate                       -62.96 USD
  Expenses:Food:Groceries                           62.96 USD

2022-07-18 * "Cafe Modagor" "Eating out after work"
  Liabilities:US:Chase:Slate                       -15.85 USD
  Expenses:Food:Restaurant                          15.85 USD

2022-07-20 * "Uncle Boons" "Eating out after work"
  Liabilities:US:Chase:Slate                       -15.56 USD
  Expenses:Food:Restaurant                          15.56 USD

2022-07-21 balance Liabilities:US:Chase:Slate     -189.86 USD

2022-07-25 * "Cafe Modagor" "Eating out with Joe"
  Liabilities:US:Chase:Slate                       -20.85 USD
  Expenses:Food:Restaurant                          20.85 USD

2022-07-26 * "Corner Deli" "Buying groceries"
  Liabilities:US:Chase:Slate                      -100.77 USD
  Expenses:Food:Groceries                          100.77 USD

2022-07-27 * "Metro Transport Authority" "Tram tickets"
  Liabilities:US:Chase:Slate                      -120.00 USD
  Expenses:Transport:Tram                          120.00 USD

2022-07-30 * "Chichipotle" "Eating out with Julie"
  Liabilities:US:Chase:Slate                       -20.03 USD
  Expenses:Food:Restaurant                          20.03 USD

2022-08-04 * "Jewel of Morroco" "Eating out "
  Liabilities:US:Chase:Slate                       -22.59 USD
  Expenses:Food:Restaurant                          22.59 USD

2022-08-05 * "Jewel of Morroco" "Eating out with Julie"
  Liabilities:US:Chase:Slate                       -26.89 USD
  Expenses:Food:Restaurant                          26.89 USD

2022-08-07 * "Cafe Modagor" "Eating out with Julie"
  Liabilities:US:Chase:Slate                       -31.61 USD
  Expenses:Food:Restaurant                          31.61 USD

2022-08-07 * "Chase:Slate" "Paying off credit card"
  Liabilities:US:Chase:Slate                       532.60 USD
  Assets:US:BofA:Checking                         -532.60 USD

2022-08-08 * "Uncle Boons" "Eating out with Natasha"
  Liabilities:US:Chase:Slate                       -14.59 USD
  Expenses:Food:Restaurant                          14.59 USD

2022-08-13 * "Rose Flower" "Eating out with Joe"
  Liabilities:US:Chase:Slate                       -20.52 USD
  Expenses:Food:Restaurant                          20.52 USD

2022-08-14 balance Liabilities:US:Chase:Slate      -35.11 USD

2022-08-14 * "Onion Market" "Buying groceries"
  Liabilities:US:Chase:Slate                       -54.59 USD
  Expenses:Food:Groceries                           54.59 USD

2022-08-17 * "Kin Soy" "Eating out "
  Liabilities:US:Chase:Slate                       -10.54 USD
  Expenses:Food:Restaurant                          10.54 USD

2022-08-21 * "Rose Flower" "Eating out alone"
  Liabilities:US:Chase:Slate                       -56.56 USD
  Expenses:Food:Restaurant                          56.56 USD

2022-08-26 * "Chichipotle" "Eating out with Natasha"
  Liabilities:US:Chase:Slate                       -56.98 USD
  Expenses:Food:Restaurant                          56.98 USD

2022-08-27 * "Metro Transport Authority" "Tram tickets"
  Liabilities:US:Chase:Slate                      -120.00 USD
  Expenses:Transport:Tram                          120.00 USD

2022-08-30 * "Kin Soy" "Eating out after work"
  Liabilities:US:Chase:Slate                       -51.06 USD
  Expenses:Food:Restaurant                          51.06 USD

2022-08-30 * "Corner Deli" "Buying groceries"
  Liabilities:US:Chase:Slate                       -56.43 USD
  Expenses:Food:Groceries                           56.43 USD

2022-08-31 * "Goba Goba" "Eating out with Natasha"
  Liabilities:US:Chase:Slate                       -28.65 USD
  Expenses:Food:Restaurant                          28.65 USD

2022-09-05 * "Uncle Boons" "Eating out after work"
  Liabilities:US:Chase:Slate                       -49.69 USD
  Expenses:Food:Restaurant                          49.69 USD

2022-09-07 * "Chase:Slate" "Paying off credit card"
  Liabilities:US:Chase:Slate                       538.86 USD
  Assets:US:BofA:Checking                         -538.86 USD

2022-09-09 * "China Garden" "Eating out with Julie"
  Liabilities:US:Chase:Slate                       -19.25 USD
  Expenses:Food:Restaurant                          19.25 USD

2022-09-12 balance Liabilities:US:Chase:Slate           0 USD

2022-09-12 * "China Garden" "Eating out with work buddies"
  Liabilities:US:Chase:Slate                       -30.09 USD
  Expenses:Food:Restaurant                          30.09 USD

2022-09-12 * "Farmer Fresh" "Buying groceries"
  Liabilities:US:Chase:Slate                       -64.21 USD
  Expenses:Food:Groceries                           64.21 USD

2022-09-14 * "Jewel of Morroco" "Eating out with Bill"
  Liabilities:US:Chase:Slate                       -27.30 USD
  Expenses:Food:Restaurant                          27.30 USD

2022-09-19 * "Chichipotle" "Eating out after work"
  Liabilities:US:Chase:Slate                       -19.54 USD
  Expenses:Food:Restaurant                          19.54 USD

2022-09-23 * "Uncle Boons" "Eating out alone"
  Liabilities:US:Chase:Slate                       -38.31 USD
  Expenses:Food:Restaurant                          38.31 USD

2022-09-24 * "Rose Flower" "Eating out with work buddies"
  Liabilities:US:Chase:Slate                       -27.75 USD
  Expenses:Food:Restaurant                          27.75 USD

2022-09-25 * "Chichipotle" "Eating out with Natasha"
  Liabilities:US:Chase:Slate                       -42.09 USD
  Expenses:Food:Restaurant                          42.09 USD

2022-09-26 * "Metro Transport Authority" "Tram tickets"
  Liabilities:US:Chase:Slate                      -120.00 USD
  Expenses:Transport:Tram                          120.00 USD

2022-09-30 * "Chichipotle" "Eating out with Natasha"
  Liabilities:US:Chase:Slate                       -20.00 USD
  Expenses:Food:Restaurant                          20.00 USD

2022-10-01 * "Corner Deli" "Buying groceries"
  Liabilities:US:Chase:Slate                       -89.72 USD
  Expenses:Food:Groceries                           89.72 USD

2022-10-03 balance Liabilities:US:Chase:Slate     -479.01 USD

2022-10-04 * "Uncle Boons" "Eating out with work buddies"
  Liabilities:US:Chase:Slate                       -32.96 USD
  Expenses:Food:Restaurant                          32.96 USD

2022-10-07 * "Chase:Slate" "Paying off credit card"
  Liabilities:US:Chase:Slate                       532.44 USD
  Assets:US:BofA:Checking                         -532.44 USD

2022-10-09 * "Goba Goba" "Eating out alone"
  Liabilities:US:Chase:Slate                       -20.47 USD
  Expenses:Food:Restaurant                          20.47 USD

2022-10-10 * "Rose Flower" "Eating out with work buddies"
  Liabilities:US:Chase:Slate                       -25.61 USD
  Expenses:Food:Restaurant                          25.61 USD

2022-10-14 * "Uncle Boons" "Eating out with Bill"
  Liabilities:US:Chase:Slate                       -28.65 USD
  Expenses:Food:Restaurant                          28.65 USD

2022-10-16 * "China Garden" "Eating out after work"
  Liabilities:US:Chase:Slate                       -38.25 USD
  Expenses:Food:Restaurant                          38.25 USD

2022-10-18 event "location" "Los Angeles"

2022-10-19 * "Mr. Marcel" "" #trip-los-angeles-2022
  Liabilities:US:Chase:Slate                       -36.81 USD
  Expenses:Food:Restaurant                          36.81 USD

2022-10-19 * "Dupar's" "" #trip-los-angeles-2022
  Liabilities:US:Chase:Slate                       -28.77 USD
  Expenses:Food:Restaurant                          28.77 USD

2022-10-19 * "E.B.'s Beer and Wine" "" #trip-los-angeles-2022
  Liabilities:US:Chase:Slate                        -6.98 USD
  Expenses:Food:Alcohol                              6.98 USD

2022-10-20 * "Starbucks" "" #trip-los-angeles-2022
  Liabilities:US:Chase:Slate                        -6.23 USD
  Expenses:Food:Coffee                               6.23 USD

2022-10-21 * "Dupar's" "" #trip-los-angeles-2022
  Liabilities:US:Chase:Slate                       -33.14 USD
  Expenses:Food:Restaurant                          33.14 USD

2022-10-21 * "Starbucks" "" #trip-los-angeles-2022
  Liabilities:US:Chase:Slate                        -5.31 USD
  Expenses:Food:Coffee                               5.31 USD

2022-10-22 * "Mr. Marcel" "" #trip-los-angeles-2022
  Liabilities:US:Chase:Slate                       -40.88 USD
  Expenses:Food:Restaurant                          40.88 USD

2022-10-22 * "Pampas Grill" "" #trip-los-angeles-2022
  Liabilities:US:Chase:Slate                       -19.97 USD
  Expenses:Food:Restaurant                          19.97 USD

2022-10-23 * "Mr. Marcel" "" #trip-los-angeles-2022
  Liabilities:US:Chase:Slate                       -41.94 USD
  Expenses:Food:Restaurant                          41.94 USD

2022-10-23 * "Banana Leaf" "" #trip-los-angeles-2022
  Liabilities:US:Chase:Slate                       -18.31 USD
  Expenses:Food:Restaurant                          18.31 USD

2022-10-23 * "E.B.'s Beer and Wine" "" #trip-los-angeles-2022
  Liabilities:US:Chase:Slate                        -8.70 USD
  Expenses:Food:Alcohol                              8.70 USD

2022-10-24 * "Dupar's" "" #trip-los-angeles-2022
  Liabilities:US:Chase:Slate                       -25.13 USD
  Expenses:Food:Restaurant                          25.13 USD

2022-10-24 * "Starbucks" "" #trip-los-angeles-2022
  Liabilities:US:Chase:Slate                        -5.69 USD
  Expenses:Food:Coffee                               5.69 USD

2022-10-24 * "E.B.'s Beer and Wine" "" #trip-los-angeles-2022
  Liabilities:US:Chase:Slate                        -9.07 USD
  Expenses:Food:Alcohol                              9.07 USD

2022-10-26 * "Mr. Marcel" "" #trip-los-angeles-2022
  Liabilities:US:Chase:Slate                       -35.63 USD
  Expenses:Food:Restaurant                          35.63 USD

2022-10-26 * "Dupar's" "" #trip-los-angeles-2022
  Liabilities:US:Chase:Slate                       -32.88 USD
  Expenses:Food:Restaurant                          32.88 USD

2022-10-27 * "Dupar's" "" #trip-los-angeles-2022
  Liabilities:US:Chase:Slate                       -23.42 USD
  Expenses:Food:Restaurant                          23.42 USD

2022-10-27 * "Pampas Grill" "" #trip-los-angeles-2022
  Liabilities:US:Chase:Slate                       -24.64 USD
  Expenses:Food:Restaurant                          24.64 USD

2022-10-28 * "Chipotle" "" #trip-los-angeles-2022
  Liabilities:US:Chase:Slate                       -15.93 USD
  Expenses:Food:Restaurant                          15.93 USD

2022-10-28 * "Starbucks" "" #trip-los-angeles-2022
  Liabilities:US:Chase:Slate                        -6.65 USD
  Expenses:Food:Coffee                               6.65 USD

2022-10-29 * "Mr. Marcel" "" #trip-los-angeles-2022
  Liabilities:US:Chase:Slate                       -38.73 USD
  Expenses:Food:Restaurant                          38.73 USD

2022-10-29 * "Banana Leaf" "" #trip-los-angeles-2022
  Liabilities:US:Chase:Slate                       -16.39 USD
  Expenses:Food:Restaurant                          16.39 USD

2022-10-29 * "Starbucks" "" #trip-los-angeles-2022
  Liabilities:US:Chase:Slate                        -6.23 USD
  Expenses:Food:Coffee                               6.23 USD

2022-10-30 * "Mr. Marcel" "" #trip-los-angeles-2022
  Liabilities:US:Chase:Slate                       -26.12 USD
  Expenses:Food:Restaurant                          26.12 USD

2022-10-30 * "Pampas Grill" "" #trip-los-angeles-2022
  Liabilities:US:Chase:Slate                       -15.94 USD
  Expenses:Food:Restaurant                          15.94 USD

2022-10-30 * "Consume vacation days"
  Assets:US:BayBook:Vacation                          -96 VACHR
  Expenses:Vacation                                    96 VACHR

2022-10-30 event "location" "New Metropolis"

2022-11-01 balance Liabilities:US:Chase:Slate     -622.00 USD

2022-11-01 * "Kin Soy" "Eating out after work"
  Liabilities:US:Chase:Slate                       -35.52 USD
  Expenses:Food:Restaurant                          35.52 USD

2022-11-02 * "Cafe Modagor" "Eating out alone"
  Liabilities:US:Chase:Slate                       -46.39 USD
  Expenses:Food:Restaurant                          46.39 USD

2022-11-03 * "Corner Deli" "Buying groceries"
  Liabilities:US:Chase:Slate                       -96.59 USD
  Expenses:Food:Groceries                           96.59 USD

2022-11-07 * "Kin Soy" "Eating out with work buddies"
  Liabilities:US:Chase:Slate                       -13.21 USD
  Expenses:Food:Restaurant                          13.21 USD

2022-11-10 * "Goba Goba" "Eating out with Julie"
  Liabilities:US:Chase:Slate                       -26.76 USD
  Expenses:Food:Restaurant                          26.76 USD

2022-11-10 * "Farmer Fresh" "Buying groceries"
  Liabilities:US:Chase:Slate                       -64.34 USD
  Expenses:Food:Groceries                           64.34 USD

2022-11-11 * "Chase:Slate" "Paying off credit card"
  Liabilities:US:Chase:Slate                       394.56 USD
  Assets:US:BofA:Checking                         -394.56 USD

2022-11-13 * "Goba Goba" "Eating out "
  Liabilities:US:Chase:Slate                       -19.24 USD
  Expenses:Food:Restaurant                          19.24 USD

2022-11-17 * "Cafe Modagor" "Eating out "
  Liabilities:US:Chase:Slate                       -16.19 USD
  Expenses:Food:Restaurant                          16.19 USD

2022-11-22 * "Kin Soy" "Eating out after work"
  Liabilities:US:Chase:Slate                       -24.41 USD
  Expenses:Food:Restaurant                          24.41 USD

2022-11-22 * "Good Moods Market" "Buying groceries"
  Liabilities:US:Chase:Slate                       -80.01 USD
  Expenses:Food:Groceries                           80.01 USD

2022-11-24 balance Liabilities:US:Chase:Slate     -650.10 USD

2022-11-26 * "Metro Transport Authority" "Tram tickets"
  Liabilities:US:Chase:Slate                      -120.00 USD
  Expenses:Transport:Tram                          120.00 USD

2022-11-27 * "Jewel of Morroco" "Eating out "
  Liabilities:US:Chase:Slate                       -27.38 USD
  Expenses:Food:Restaurant                          27.38 USD

2022-11-28 * "Good Moods Market" "Buying groceries"
  Liabilities:US:Chase:Slate                       -64.97 USD
  Expenses:Food:Groceries                           64.97 USD

2022-12-02 * "China Garden" "Eating out after work"
  Liabilities:US:Chase:Slate                       -30.44 USD
  Expenses:Food:Restaurant                          30.44 USD

2022-12-06 * "China Garden" "Eating out "
  Liabilities:US:Chase:Slate                       -45.89 USD
  Expenses:Food:Restaurant                          45.89 USD

2022-12-08 * "Chichipotle" "Eating out with Julie"
  Liabilities:US:Chase:Slate                       -75.87 USD
  Expenses:Food:Restaurant                          75.87 USD

2022-12-11 * "Chase:Slate" "Paying off credit card"
  Liabilities:US:Chase:Slate                       509.00 USD
  Assets:US:BofA:Checking                         -509.00 USD

2022-12-13 * "Goba Goba" "Eating out alone"
  Liabilities:US:Chase:Slate                       -23.84 USD
  Expenses:Food:Restaurant                          23.84 USD

2022-12-16 balance Liabilities:US:Chase:Slate     -529.49 USD

2022-12-17 * "Farmer Fresh" "Buying groceries"
  Liabilities:US:Chase:Slate                       -67.73 USD
  Expenses:Food:Groceries                           67.73 USD

2022-12-18 * "Uncle Boons" "Eating out with work buddies"
  Liabilities:US:Chase:Slate                       -19.20 USD
  Expenses:Food:Restaurant                          19.20 USD

2022-12-21 * "Goba Goba" "Eating out with Julie"
  Liabilities:US:Chase:Slate                       -49.62 USD
  Expenses:Food:Restaurant                          49.62 USD

2022-12-25 * "Metro Transport Authority" "Tram tickets"
  Liabilities:US:Chase:Slate                      -120.00 USD
  Expenses:Transport:Tram                          120.00 USD

2022-12-26 * "Rose Flower" "Eating out "
  Liabilities:US:Chase:Slate                       -30.34 USD
  Expenses:Food:Restaurant                          30.34 USD

2022-12-30 * "Farmer Fresh" "Buying groceries"
  Liabilities:US:Chase:Slate                       -76.33 USD
  Expenses:Food:Groceries                           76.33 USD

2022-12-31 * "Chichipotle" "Eating out alone"
  Liabilities:US:Chase:Slate                       -67.45 USD
  Expenses:Food:Restaurant                          67.45 USD

2023-01-01 * "Cafe Modagor" "Eating out after work"
  Liabilities:US:Chase:Slate                       -76.50 USD
  Expenses:Food:Restaurant                          76.50 USD

2023-01-05 * "Chichipotle" "Eating out with Joe"
  Liabilities:US:Chase:Slate                       -26.51 USD
  Expenses:Food:Restaurant                          26.51 USD

2023-01-07 * "Chase:Slate" "Paying off credit card"
  Liabilities:US:Chase:Slate                       596.11 USD
  Assets:US:BofA:Checking                         -596.11 USD

2023-01-08 balance Liabilities:US:Chase:Slate     -467.06 USD

2023-01-09 * "Uncle Boons" "Eating out with Joe"
  Liabilities:US:Chase:Slate                       -62.43 USD
  Expenses:Food:Restaurant                          62.43 USD

2023-01-11 * "China Garden" "Eating out with Bill"
  Liabilities:US:Chase:Slate                       -13.00 USD
  Expenses:Food:Restaurant                          13.00 USD

2023-01-12 * "Kin Soy" "Eating out with work buddies"
  Liabilities:US:Chase:Slate                       -34.15 USD
  Expenses:Food:Restaurant                          34.15 USD

2023-01-17 * "Cafe Modagor" "Eating out with Bill"
  Liabilities:US:Chase:Slate                       -22.10 USD
  Expenses:Food:Restaurant                          22.10 USD

2023-01-18 * "Onion Market" "Buying groceries"
  Liabilities:US:Chase:Slate                       -55.07 USD
  Expenses:Food:Groceries                           55.07 USD

2023-01-19 * "Cafe Modagor" "Eating out "
  Liabilities:US:Chase:Slate                       -34.55 USD
  Expenses:Food:Restaurant                          34.55 USD

2023-01-20 * "Chichipotle" "Eating out with work buddies"
  Liabilities:US:Chase:Slate                       -34.34 USD
  Expenses:Food:Restaurant                          34.34 USD

2023-01-21 * "Metro Transport Authority" "Tram tickets"
  Liabilities:US:Chase:Slate                      -120.00 USD
  Expenses:Transport:Tram                          120.00 USD

2023-01-23 * "Rose Flower" "Eating out with Natasha"
  Liabilities:US:Chase:Slate                       -57.74 USD
  Expenses:Food:Restaurant                          57.74 USD

2023-01-25 * "Jewel of Morroco" "Eating out alone"
  Liabilities:US:Chase:Slate                       -24.51 USD
  Expenses:Food:Restaurant                          24.51 USD

2023-01-27 * "Onion Market" "Buying groceries"
  Liabilities:US:Chase:Slate                      -116.74 USD
  Expenses:Food:Groceries                          116.74 USD

2023-01-28 balance Liabilities:US:Chase:Slate    -1041.69 USD

2023-01-30 * "Goba Goba" "Eating out with Joe"
  Liabilities:US:Chase:Slate                       -53.91 USD
  Expenses:Food:Restaurant                          53.91 USD

2023-01-31 * "Rose Flower" "Eating out "
  Liabilities:US:Chase:Slate                       -46.03 USD
  Expenses:Food:Restaurant                          46.03 USD

2023-02-05 * "Rose Flower" "Eating out "
  Liabilities:US:Chase:Slate                       -27.14 USD
  Expenses:Food:Restaurant                          27.14 USD

2023-02-07 * "Chase:Slate" "Paying off credit card"
  Liabilities:US:Chase:Slate                       657.06 USD
  Assets:US:BofA:Checking                         -657.06 USD

2023-02-08 * "Rose Flower" "Eating out with Julie"
  Liabilities:US:Chase:Slate                       -17.78 USD
  Expenses:Food:Restaurant                          17.78 USD

2023-02-11 * "Chichipotle" "Eating out after work"
  Liabilities:US:Chase:Slate                       -25.76 USD
  Expenses:Food:Restaurant                          25.76 USD

2023-02-13 * "Chichipotle" "Eating out with Julie"
  Liabilities:US:Chase:Slate                       -26.28 USD
  Expenses:Food:Restaurant                          26.28 USD

2023-02-14 * "Good Moods Market" "Buying groceries"
  Liabilities:US:Chase:Slate                       -72.46 USD
  Expenses:Food:Groceries                           72.46 USD

2023-02-18 balance Liabilities:US:Chase:Slate     -653.99 USD

2023-02-18 * "Cafe Modagor" "Eating out with Bill"
  Liabilities:US:Chase:Slate                       -34.80 USD
  Expenses:Food:Restaurant                          34.80 USD

2023-02-19 * "Metro Transport Authority" "Tram tickets"
  Liabilities:US:Chase:Slate                      -120.00 USD
  Expenses:Transport:Tram                          120.00 USD

2023-02-20 * "Jewel of Morroco" "Eating out with Natasha"
  Liabilities:US:Chase:Slate                       -25.13 USD
  Expenses:Food:Restaurant                          25.13 USD

2023-02-23 * "Kin Soy" "Eating out after work"
  Liabilities:US:Chase:Slate                       -21.74 USD
  Expenses:Food:Restaurant                          21.74 USD

2023-02-24 * "Chichipotle" "Eating out with Bill"
  Liabilities:US:Chase:Slate                       -35.50 USD
  Expenses:Food:Restaurant                          35.50 USD

2023-02-27 * "Goba Goba" "Eating out with Natasha"
  Liabilities:US:Chase:Slate                       -34.05 USD
  Expenses:Food:Restaurant                          34.05 USD

2023-03-04 * "China Garden" "Eating out with work buddies"
  Liabilities:US:Chase:Slate                       -31.22 USD
  Expenses:Food:Restaurant                          31.22 USD

2023-03-04 * "Onion Market" "Buying groceries"
  Liabilities:US:Chase:Slate                      -109.95 USD
  Expenses:Food:Groceries                          109.95 USD

2023-03-07 * "Uncle Boons" "Eating out alone"
  Liabilities:US:Chase:Slate                       -21.62 USD
  Expenses:Food:Restaurant                          21.62 USD

2023-03-08 * "Rose Flower" "Eating out with Bill"
  Liabilities:US:Chase:Slate                       -22.69 USD
  Expenses:Food:Restaurant                          22.69 USD

2023-03-08 * "Chase:Slate" "Paying off credit card"
  Liabilities:US:Chase:Slate                       581.20 USD
  Assets:US:BofA:Checking                         -581.20 USD

2023-03-09 * "Rose Flower" "Eating out with work buddies"
  Liabilities:US:Chase:Slate                       -21.42 USD
  Expenses:Food:Restaurant                          21.42 USD

2023-03-12 * "Uncle Boons" "Eating out after work"
  Liabilities:US:Chase:Slate                       -33.31 USD
  Expenses:Food:Restaurant                          33.31 USD

2023-03-13 balance Liabilities:US:Chase:Slate     -584.22 USD

2023-03-13 * "Chichipotle" "Eating out with Joe"
  Liabilities:US:Chase:Slate                       -49.33 USD
  Expenses:Food:Restaurant                          49.33 USD

2023-03-14 * "Goba Goba" "Eating out with Julie"
  Liabilities:US:Chase:Slate                       -28.80 USD
  Expenses:Food:Restaurant                          28.80 USD

2023-03-16 * "Cafe Modagor" "Eating out after work"
  Liabilities:US:Chase:Slate                       -26.05 USD
  Expenses:Food:Restaurant                          26.05 USD

2023-03-21 * "Cafe Modagor" "Eating out "
  Liabilities:US:Chase:Slate                       -34.86 USD
  Expenses:Food:Restaurant                          34.86 USD

2023-03-23 * "China Garden" "Eating out with Joe"
  Liabilities:US:Chase:Slate                       -32.76 USD
  Expenses:Food:Restaurant                          32.76 USD

2023-03-23 * "Farmer Fresh" "Buying groceries"
  Liabilities:US:Chase:Slate                       -46.68 USD
  Expenses:Food:Groceries                           46.68 USD

2023-03-23 * "Metro Transport Authority" "Tram tickets"
  Liabilities:US:Chase:Slate                      -120.00 USD
  Expenses:Transport:Tram                          120.00 USD

2023-03-28 * "Jewel of Morroco" "Eating out "
  Liabilities:US:Chase:Slate                       -26.57 USD
  Expenses:Food:Restaurant                          26.57 USD

2023-03-31 * "Goba Goba" "Eating out with work buddies"
  Liabilities:US:Chase:Slate                       -63.75 USD
  Expenses:Food:Restaurant                          63.75 USD

2023-04-04 * "Cafe Modagor" "Eating out with Julie"
  Liabilities:US:Chase:Slate                       -41.89 USD
  Expenses:Food:Restaurant                          41.89 USD

2023-04-05 * "Chichipotle" "Eating out after work"
  Liabilities:US:Chase:Slate                       -18.00 USD
  Expenses:Food:Restaurant                          18.00 USD

2023-04-08 * "Chase:Slate" "Paying off credit card"
  Liabilities:US:Chase:Slate                       600.41 USD
  Assets:US:BofA:Checking                         -600.41 USD

2023-04-09 * "Cafe Modagor" "Eating out alone"
  Liabilities:US:Chase:Slate                       -56.99 USD
  Expenses:Food:Restaurant                          56.99 USD

2023-04-10 * "Rose Flower" "Eating out with Bill"
  Liabilities:US:Chase:Slate                       -28.22 USD
  Expenses:Food:Restaurant                          28.22 USD

2023-04-10 * "Farmer Fresh" "Buying groceries"
  Liabilities:US:Chase:Slate                       -88.36 USD
  Expenses:Food:Groceries                           88.36 USD

2023-04-11 balance Liabilities:US:Chase:Slate     -646.07 USD

2023-04-13 * "Cafe Modagor" "Eating out with Julie"
  Liabilities:US:Chase:Slate                       -31.78 USD
  Expenses:Food:Restaurant                          31.78 USD

2023-04-14 * "Cafe Modagor" "Eating out with Bill"
  Liabilities:US:Chase:Slate                       -16.60 USD
  Expenses:Food:Restaurant                          16.60 USD

2023-04-17 * "Kin Soy" "Eating out with Bill"
  Liabilities:US:Chase:Slate                       -46.31 USD
  Expenses:Food:Restaurant                          46.31 USD

2023-04-20 * "Uncle Boons" "Eating out alone"
  Liabilities:US:Chase:Slate                       -22.93 USD
  Expenses:Food:Restaurant                          22.93 USD

2023-04-22 * "Chichipotle" "Eating out with Julie"
  Liabilities:US:Chase:Slate                       -45.79 USD
  Expenses:Food:Restaurant                          45.79 USD

2023-04-24 * "Metro Transport Authority" "Tram tickets"
  Liabilities:US:Chase:Slate                      -120.00 USD
  Expenses:Transport:Tram                          120.00 USD

2023-04-25 * "Goba Goba" "Eating out with work buddies"
  Liabilities:US:Chase:Slate                       -30.83 USD
  Expenses:Food:Restaurant                          30.83 USD

2023-04-29 * "Goba Goba" "Eating out "
  Liabilities:US:Chase:Slate                       -48.43 USD
  Expenses:Food:Restaurant                          48.43 USD

2023-04-29 * "Corner Deli" "Buying groceries"
  Liabilities:US:Chase:Slate                       -51.39 USD
  Expenses:Food:Groceries                           51.39 USD

2023-05-02 * "Kin Soy" "Eating out with Julie"
  Liabilities:US:Chase:Slate                       -37.13 USD
  Expenses:Food:Restaurant                          37.13 USD

2023-05-03 * "Uncle Boons" "Eating out alone"
  Liabilities:US:Chase:Slate                       -37.57 USD
  Expenses:Food:Restaurant                          37.57 USD

2023-05-06 * "Cafe Modagor" "Eating out with Natasha"
  Liabilities:US:Chase:Slate                       -22.62 USD
  Expenses:Food:Restaurant                          22.62 USD

2023-05-08 balance Liabilities:US:Chase:Slate    -1157.45 USD

2023-05-10 * "Chase:Slate" "Paying off credit card"
  Liabilities:US:Chase:Slate                       655.39 USD
  Assets:US:BofA:Checking                         -655.39 USD

2023-05-11 * "Uncle Boons" "Eating out after work"
  Liabilities:US:Chase:Slate                       -27.43 USD
  Expenses:Food:Restaurant                          27.43 USD

2023-05-13 * "Kin Soy" "Eating out with Natasha"
  Liabilities:US:Chase:Slate                       -37.34 USD
  Expenses:Food:Restaurant                          37.34 USD

2023-05-14 * "Good Moods Market" "Buying groceries"
  Liabilities:US:Chase:Slate                      -106.74 USD
  Expenses:Food:Groceries                          106.74 USD

2023-05-15 * "Cafe Modagor" "Eating out alone"
  Liabilities:US:Chase:Slate                       -27.52 USD
  Expenses:Food:Restaurant                          27.52 USD

2023-05-20 * "Cafe Modagor" "Eating out with Natasha"
  Liabilities:US:Chase:Slate                       -30.12 USD
  Expenses:Food:Restaurant                          30.12 USD

2023-05-23 * "Metro Transport Authority" "Tram tickets"
  Liabilities:US:Chase:Slate                      -120.00 USD
  Expenses:Transport:Tram                          120.00 USD

2023-05-24 * "Cafe Modagor" "Eating out alone"
  Liabilities:US:Chase:Slate                       -26.16 USD
  Expenses:Food:Restaurant                          26.16 USD

2023-05-27 * "Jewel of Morroco" "Eating out with Bill"
  Liabilities:US:Chase:Slate                       -44.50 USD
  Expenses:Food:Restaurant                          44.50 USD

2023-06-01 balance Liabilities:US:Chase:Slate     -921.87 USD

2023-06-01 * "Chichipotle" "Eating out after work"
  Liabilities:US:Chase:Slate                       -30.18 USD
  Expenses:Food:Restaurant                          30.18 USD

2023-06-03 * "Corner Deli" "Buying groceries"
  Liabilities:US:Chase:Slate                       -84.58 USD
  Expenses:Food:Groceries                           84.58 USD

2023-06-04 * "Uncle Boons" "Eating out with Bill"
  Liabilities:US:Chase:Slate                       -56.78 USD
  Expenses:Food:Restaurant                          56.78 USD

2023-06-07 * "Rose Flower" "Eating out after work"
  Liabilities:US:Chase:Slate                       -50.27 USD
  Expenses:Food:Restaurant                          50.27 USD

2023-06-09 * "Chase:Slate" "Paying off credit card"
  Liabilities:US:Chase:Slate                       632.21 USD
  Assets:US:BofA:Checking                         -632.21 USD

2023-06-10 * "Uncle Boons" "Eating out with Joe"
  Liabilities:US:Chase:Slate                       -18.02 USD
  Expenses:Food:Restaurant                          18.02 USD

2023-06-12 * "Rose Flower" "Eating out after work"
  Liabilities:US:Chase:Slate                       -31.79 USD
  Expenses:Food:Restaurant                          31.79 USD

2023-06-15 * "Jewel of Morroco" "Eating out with Bill"
  Liabilities:US:Chase:Slate                       -25.13 USD
  Expenses:Food:Restaurant                          25.13 USD

2023-06-16 * "Kin Soy" "Eating out with Bill"
  Liabilities:US:Chase:Slate                       -33.82 USD
  Expenses:Food:Restaurant                          33.82 USD

2023-06-19 * "Uncle Boons" "Eating out with Bill"
  Liabilities:US:Chase:Slate                       -38.28 USD
  Expenses:Food:Restaurant                          38.28 USD

2023-06-20 * "Jewel of Morroco" "Eating out with Natasha"
  Liabilities:US:Chase:Slate                       -22.55 USD
  Expenses:Food:Restaurant                          22.55 USD

2023-06-22 * "Farmer Fresh" "Buying groceries"
  Liabilities:US:Chase:Slate                       -71.84 USD
  Expenses:Food:Groceries                           71.84 USD

2023-06-24 * "Metro Transport Authority" "Tram tickets"
  Liabilities:US:Chase:Slate                      -120.00 USD
  Expenses:Transport:Tram                          120.00 USD

2023-06-25 * "Uncle Boons" "Eating out with Julie"
  Liabilities:US:Chase:Slate                       -19.02 USD
  Expenses:Food:Restaurant                          19.02 USD

2023-06-27 * "Kin Soy" "Eating out "
  Liabilities:US:Chase:Slate                       -23.36 USD
  Expenses:Food:Restaurant                          23.36 USD

2023-06-27 * "Corner Deli" "Buying groceries"
  Liabilities:US:Chase:Slate                       -75.77 USD
  Expenses:Food:Groceries                           75.77 USD

2023-06-30 balance Liabilities:US:Chase:Slate     -991.05 USD

2023-07-01 * "China Garden" "Eating out with Joe"
  Liabilities:US:Chase:Slate                       -33.96 USD
  Expenses:Food:Restaurant                          33.96 USD

2023-07-03 * "Kin Soy" "Eating out with Bill"
  Liabilities:US:Chase:Slate                       -27.12 USD
  Expenses:Food:Restaurant                          27.12 USD

2023-07-05 * "Chichipotle" "Eating out alone"
  Liabilities:US:Chase:Slate                       -16.26 USD
  Expenses:Food:Restaurant                          16.26 USD

2023-07-06 * "Uncle Boons" "Eating out after work"
  Liabilities:US:Chase:Slate                       -30.02 USD
  Expenses:Food:Restaurant                          30.02 USD

2023-07-07 * "Goba Goba" "Eating out "
  Liabilities:US:Chase:Slate                       -33.89 USD
  Expenses:Food:Restaurant                          33.89 USD

2023-07-10 * "Onion Market" "Buying groceries"
  Liabilities:US:Chase:Slate                       -91.07 USD
  Expenses:Food:Groceries                           91.07 USD

2023-07-10 * "Chase:Slate" "Paying off credit card"
  Liabilities:US:Chase:Slate                       693.88 USD
  Assets:US:BofA:Checking                         -693.88 USD

2023-07-11 * "Rose Flower" "Eating out "
  Liabilities:US:Chase:Slate                       -37.24 USD
  Expenses:Food:Restaurant                          37.24 USD

2023-07-12 * "Kin Soy" "Eating out with Joe"
  Liabilities:US:Chase:Slate                       -19.66 USD
  Expenses:Food:Restaurant                          19.66 USD

2023-07-13 * "Uncle Boons" "Eating out after work"
  Liabilities:US:Chase:Slate                       -61.01 USD
  Expenses:Food:Restaurant                          61.01 USD

2023-07-14 * "Chichipotle" "Eating out with Natasha"
  Liabilities:US:Chase:Slate                       -23.22 USD
  Expenses:Food:Restaurant                          23.22 USD

2023-07-19 * "Uncle Boons" "Eating out with Julie"
  Liabilities:US:Chase:Slate                       -34.26 USD
  Expenses:Food:Restaurant                          34.26 USD

2023-07-21 * "Goba Goba" "Eating out after work"
  Liabilities:US:Chase:Slate                       -37.34 USD
  Expenses:Food:Restaurant                          37.34 USD

2023-07-21 * "Farmer Fresh" "Buying groceries"
  Liabilities:US:Chase:Slate                       -79.43 USD
  Expenses:Food:Groceries                           79.43 USD

2023-07-22 * "Kin Soy" "Eating out with Joe"
  Liabilities:US:Chase:Slate                       -15.32 USD
  Expenses:Food:Restaurant                          15.32 USD

2023-07-24 * "China Garden" "Eating out with Joe"
  Liabilities:US:Chase:Slate                       -32.56 USD
  Expenses:Food:Restaurant                          32.56 USD

2023-07-25 * "Goba Goba" "Eating out with Joe"
  Liabilities:US:Chase:Slate                       -20.74 USD
  Expenses:Food:Restaurant                          20.74 USD

2023-07-26 * "Metro Transport Authority" "Tram tickets"
  Liabilities:US:Chase:Slate                      -120.00 USD
  Expenses:Transport:Tram                          120.00 USD

2023-07-29 balance Liabilities:US:Chase:Slate    -1010.27 USD

2023-07-29 * "Kin Soy" "Eating out with Julie"
  Liabilities:US:Chase:Slate                       -14.73 USD
  Expenses:Food:Restaurant                          14.73 USD

2023-08-01 * "Uncle Boons" "Eating out "
  Liabilities:US:Chase:Slate                       -20.16 USD
  Expenses:Food:Restaurant                          20.16 USD

2023-08-03 * "Chichipotle" "Eating out with Julie"
  Liabilities:US:Chase:Slate                       -33.74 USD
  Expenses:Food:Restaurant                          33.74 USD

2023-08-04 * "Corner Deli" "Buying groceries"
  Liabilities:US:Chase:Slate                       -94.08 USD
  Expenses:Food:Groceries                           94.08 USD

2023-08-05 * "Chichipotle" "Eating out after work"
  Liabilities:US:Chase:Slate                       -51.79 USD
  Expenses:Food:Restaurant                          51.79 USD

2023-08-08 * "Chase:Slate" "Paying off credit card"
  Liabilities:US:Chase:Slate                       724.86 USD
  Assets:US:BofA:Checking                         -724.86 USD

2023-08-09 * "Kin Soy" "Eating out "
  Liabilities:US:Chase:Slate                       -29.58 USD
  Expenses:Food:Restaurant                          29.58 USD

2023-08-11 * "Rose Flower" "Eating out with work buddies"
  Liabilities:US:Chase:Slate                       -39.42 USD
  Expenses:Food:Restaurant                          39.42 USD

2023-08-13 * "Jewel of Morroco" "Eating out with Natasha"
  Liabilities:US:Chase:Slate                       -31.27 USD
  Expenses:Food:Restaurant                          31.27 USD

2023-08-14 * "Uncle Boons" "Eating out with Joe"
  Liabilities:US:Chase:Slate                       -32.45 USD
  Expenses:Food:Restaurant                          32.45 USD

2023-08-18 * "Kin Soy" "Eating out with Bill"
  Liabilities:US:Chase:Slate                       -54.44 USD
  Expenses:Food:Restaurant                          54.44 USD

2023-08-19 * "Cafe Modagor" "Eating out with Julie"
  Liabilities:US:Chase:Slate                       -30.80 USD
  Expenses:Food:Restaurant                          30.80 USD

2023-08-21 * "Onion Market" "Buying groceries"
  Liabilities:US:Chase:Slate                      -119.26 USD
  Expenses:Food:Groceries                          119.26 USD

2023-08-22 * "Uncle Boons" "Eating out "
  Liabilities:US:Chase:Slate                       -17.16 USD
  Expenses:Food:Restaurant                          17.16 USD

2023-08-25 * "Metro Transport Authority" "Tram tickets"
  Liabilities:US:Chase:Slate                      -120.00 USD
  Expenses:Transport:Tram                          120.00 USD

2023-08-26 balance Liabilities:US:Chase:Slate     -974.29 USD

2023-08-27 * "Cafe Modagor" "Eating out with Joe"
  Liabilities:US:Chase:Slate                       -12.84 USD
  Expenses:Food:Restaurant                          12.84 USD

2023-08-30 * "China Garden" "Eating out with Natasha"
  Liabilities:US:Chase:Slate                       -41.55 USD
  Expenses:Food:Restaurant                          41.55 USD

2023-09-01 * "Chichipotle" "Eating out with Julie"
  Liabilities:US:Chase:Slate                       -38.07 USD
  Expenses:Food:Restaurant                          38.07 USD

2023-09-01 * "Onion Market" "Buying groceries"
  Liabilities:US:Chase:Slate                       -62.33 USD
  Expenses:Food:Groceries                           62.33 USD

2023-09-05 * "Rose Flower" "Eating out with Bill"
  Liabilities:US:Chase:Slate                       -33.97 USD
  Expenses:Food:Restaurant                          33.97 USD

2023-09-07 * "Kin Soy" "Eating out with Natasha"
  Liabilities:US:Chase:Slate                       -22.50 USD
  Expenses:Food:Restaurant                          22.50 USD

2023-09-08 * "Corner Deli" "Buying groceries"
  Liabilities:US:Chase:Slate                       -70.98 USD
  Expenses:Food:Groceries                           70.98 USD

2023-09-09 * "Uncle Boons" "Eating out alone"
  Liabilities:US:Chase:Slate                       -12.79 USD
  Expenses:Food:Restaurant                          12.79 USD

2023-09-09 * "Chase:Slate" "Paying off credit card"
  Liabilities:US:Chase:Slate                       739.83 USD
  Assets:US:BofA:Checking                         -739.83 USD

2023-09-13 * "Rose Flower" "Eating out with work buddies"
  Liabilities:US:Chase:Slate                       -27.17 USD
  Expenses:Food:Restaurant                          27.17 USD

2023-09-15 balance Liabilities:US:Chase:Slate     -556.66 USD

2023-09-15 * "Kin Soy" "Eating out after work"
  Liabilities:US:Chase:Slate                       -17.47 USD
  Expenses:Food:Restaurant                          17.47 USD

2023-09-17 * "Goba Goba" "Eating out with Natasha"
  Liabilities:US:Chase:Slate                       -30.06 USD
  Expenses:Food:Restaurant                          30.06 USD

2023-09-20 * "Goba Goba" "Eating out with Joe"
  Liabilities:US:Chase:Slate                       -22.74 USD
  Expenses:Food:Restaurant                          22.74 USD

2023-09-20 * "Farmer Fresh" "Buying groceries"
  Liabilities:US:Chase:Slate                       -81.12 USD
  Expenses:Food:Groceries                           81.12 USD

2023-09-21 * "Kin Soy" "Eating out alone"
  Liabilities:US:Chase:Slate                       -39.68 USD
  Expenses:Food:Restaurant                          39.68 USD

2023-09-25 * "Cafe Modagor" "Eating out with Natasha"
  Liabilities:US:Chase:Slate                       -15.67 USD
  Expenses:Food:Restaurant                          15.67 USD

2023-09-25 * "Metro Transport Authority" "Tram tickets"
  Liabilities:US:Chase:Slate                      -120.00 USD
  Expenses:Transport:Tram                          120.00 USD

2023-09-27 * "Uncle Boons" "Eating out with Bill"
  Liabilities:US:Chase:Slate                       -46.46 USD
  Expenses:Food:Restaurant                          46.46 USD

2023-10-02 * "Jewel of Morroco" "Eating out with Joe"
  Liabilities:US:Chase:Slate                       -18.64 USD
  Expenses:Food:Restaurant                          18.64 USD

2023-10-04 * "Uncle Boons" "Eating out with Joe"
  Liabilities:US:Chase:Slate                       -17.05 USD
  Expenses:Food:Restaurant                          17.05 USD

2023-10-07 * "Goba Goba" "Eating out with Natasha"
  Liabilities:US:Chase:Slate                       -37.58 USD
  Expenses:Food:Restaurant                          37.58 USD

2023-10-08 * "Corner Deli" "Buying groceries"
  Liabilities:US:Chase:Slate                      -151.42 USD
  Expenses:Food:Groceries                          151.42 USD

2023-10-09 * "China Garden" "Eating out "
  Liabilities:US:Chase:Slate                       -24.21 USD
  Expenses:Food:Restaurant                          24.21 USD

2023-10-10 * "Chase:Slate" "Paying off credit card"
  Liabilities:US:Chase:Slate                       669.44 USD
  Assets:US:BofA:Checking                         -669.44 USD

2023-10-11 balance Liabilities:US:Chase:Slate     -509.32 USD

2023-10-14 * "China Garden" "Eating out with Julie"
  Liabilities:US:Chase:Slate                       -20.17 USD
  Expenses:Food:Restaurant                          20.17 USD

2023-10-16 * "Jewel of Morroco" "Eating out with Joe"
  Liabilities:US:Chase:Slate                       -12.76 USD
  Expenses:Food:Restaurant                          12.76 USD

2023-10-19 * "Chichipotle" "Eating out "
  Liabilities:US:Chase:Slate                       -54.44 USD
  Expenses:Food:Restaurant                          54.44 USD

2023-10-20 * "Rose Flower" "Eating out with work buddies"
  Liabilities:US:Chase:Slate                       -23.61 USD
  Expenses:Food:Restaurant                          23.61 USD

2023-10-21 * "Uncle Boons" "Eating out with Natasha"
  Liabilities:US:Chase:Slate                       -25.59 USD
  Expenses:Food:Restaurant                          25.59 USD

2023-10-22 * "China Garden" "Eating out with Bill"
  Liabilities:US:Chase:Slate                       -42.12 USD
  Expenses:Food:Restaurant                          42.12 USD

2023-10-23 * "Chichipotle" "Eating out "
  Liabilities:US:Chase:Slate                       -45.89 USD
  Expenses:Food:Restaurant                          45.89 USD

2023-10-23 * "Corner Deli" "Buying groceries"
  Liabilities:US:Chase:Slate                       -64.59 USD
  Expenses:Food:Groceries                           64.59 USD

2023-10-23 * "Metro Transport Authority" "Tram tickets"
  Liabilities:US:Chase:Slate                      -120.00 USD
  Expenses:Transport:Tram                          120.00 USD

2023-10-27 * "Cafe Modagor" "Eating out with Julie"
  Liabilities:US:Chase:Slate                       -32.28 USD
  Expenses:Food:Restaurant                          32.28 USD

2023-10-28 * "Chichipotle" "Eating out with Bill"
  Liabilities:US:Chase:Slate                       -22.30 USD
  Expenses:Food:Restaurant                          22.30 USD

2023-10-30 * "China Garden" "Eating out with Joe"
  Liabilities:US:Chase:Slate                       -54.77 USD
  Expenses:Food:Restaurant                          54.77 USD

2023-10-31 * "Cafe Modagor" "Eating out with Joe"
  Liabilities:US:Chase:Slate                       -35.04 USD
  Expenses:Food:Restaurant                          35.04 USD

2023-11-02 balance Liabilities:US:Chase:Slate    -1062.88 USD

2023-11-03 * "Cafe Modagor" "Eating out with Joe"
  Liabilities:US:Chase:Slate                       -23.18 USD
  Expenses:Food:Restaurant                          23.18 USD

2023-11-05 * "Kin Soy" "Eating out with Natasha"
  Liabilities:US:Chase:Slate                       -43.44 USD
  Expenses:Food:Restaurant                          43.44 USD

2023-11-06 * "Farmer Fresh" "Buying groceries"
  Liabilities:US:Chase:Slate                       -87.99 USD
  Expenses:Food:Groceries                           87.99 USD

2023-11-08 * "Kin Soy" "Eating out with Julie"
  Liabilities:US:Chase:Slate                       -39.93 USD
  Expenses:Food:Restaurant                          39.93 USD

2023-11-09 * "Chase:Slate" "Paying off credit card"
  Liabilities:US:Chase:Slate                       770.82 USD
  Assets:US:BofA:Checking                         -770.82 USD

2023-11-10 * "Jewel of Morroco" "Eating out after work"
  Liabilities:US:Chase:Slate                       -42.89 USD
  Expenses:Food:Restaurant                          42.89 USD

2023-11-12 * "Good Moods Market" "Buying groceries"
  Liabilities:US:Chase:Slate                      -104.02 USD
  Expenses:Food:Groceries                          104.02 USD

2023-11-13 * "Rose Flower" "Eating out after work"
  Liabilities:US:Chase:Slate                       -25.26 USD
  Expenses:Food:Restaurant                          25.26 USD

2023-11-17 * "Chichipotle" "Eating out alone"
  Liabilities:US:Chase:Slate                       -19.06 USD
  Expenses:Food:Restaurant                          19.06 USD

2023-11-18 event "location" "San Francisco"

2023-11-20 * "Pizza Delfina" "" #trip-san-francisco-2023
  Liabilities:US:Chase:Slate                       -20.56 USD
  Expenses:Food:Restaurant                          20.56 USD

2023-11-20 * "Waterbar" "" #trip-san-francisco-2023
  Liabilities:US:Chase:Slate                       -49.37 USD
  Expenses:Food:Restaurant                          49.37 USD

2023-11-20 * "Starbucks" "" #trip-san-francisco-2023
  Liabilities:US:Chase:Slate                        -5.20 USD
  Expenses:Food:Coffee                               5.20 USD

2023-11-22 * "Pizza Delfina" "" #trip-san-francisco-2023
  Liabilities:US:Chase:Slate                       -21.77 USD
  Expenses:Food:Restaurant                          21.77 USD

2023-11-22 * "Starbucks" "" #trip-san-francisco-2023
  Liabilities:US:Chase:Slate                        -6.71 USD
  Expenses:Food:Coffee                               6.71 USD

2023-11-23 * "Bar Crudo" "" #trip-san-francisco-2023
  Liabilities:US:Chase:Slate                       -77.86 USD
  Expenses:Food:Restaurant                          77.86 USD

2023-11-23 * "Pizza Delfina" "" #trip-san-francisco-2023
  Liabilities:US:Chase:Slate                       -19.30 USD
  Expenses:Food:Restaurant                          19.30 USD

2023-11-25 * "Pizza Delfina" "" #trip-san-francisco-2023
  Liabilities:US:Chase:Slate                       -17.13 USD
  Expenses:Food:Restaurant                          17.13 USD

2023-11-26 * "Bar Crudo" "" #trip-san-francisco-2023
  Liabilities:US:Chase:Slate                       -79.20 USD
  Expenses:Food:Restaurant                          79.20 USD

2023-11-26 * "Pizza Delfina" "" #trip-san-francisco-2023
  Liabilities:US:Chase:Slate                       -16.22 USD
  Expenses:Food:Restaurant                          16.22 USD

2023-11-26 * "Waterbar" "" #trip-san-francisco-2023
  Liabilities:US:Chase:Slate                       -54.78 USD
  Expenses:Food:Restaurant                          54.78 USD

2023-11-27 * "Waterbar" "" #trip-san-francisco-2023
  Liabilities:US:Chase:Slate                       -46.14 USD
  Expenses:Food:Restaurant                          46.14 USD

2023-11-28 * "Bar Crudo" "" #trip-san-francisco-2023
  Liabilities:US:Chase:Slate                       -73.00 USD
  Expenses:Food:Restaurant                          73.00 USD

2023-11-29 balance Liabilities:US:Chase:Slate    -1165.07 USD

2023-11-30 * "Bar Crudo" "" #trip-san-francisco-2023
  Liabilities:US:Chase:Slate                       -69.13 USD
  Expenses:Food:Restaurant                          69.13 USD

2023-11-30 * "Starbucks" "" #trip-san-francisco-2023
  Liabilities:US:Chase:Slate                        -5.51 USD
  Expenses:Food:Coffee                               5.51 USD

2023-12-02 * "Pizza Delfina" "" #trip-san-francisco-2023
  Liabilities:US:Chase:Slate                       -22.96 USD
  Expenses:Food:Restaurant                          22.96 USD

2023-12-02 * "Mission Chinese Food" "" #trip-san-francisco-2023
  Liabilities:US:Chase:Slate                       -31.53 USD
  Expenses:Food:Restaurant                          31.53 USD

2023-12-03 * "Pizza Delfina" "" #trip-san-francisco-2023
  Liabilities:US:Chase:Slate                       -15.96 USD
  Expenses:Food:Restaurant                          15.96 USD

2023-12-03 * "Waterbar" "" #trip-san-francisco-2023
  Liabilities:US:Chase:Slate                       -40.23 USD
  Expenses:Food:Restaurant                          40.23 USD

2023-12-04 * "Pizza Delfina" "" #trip-san-francisco-2023
  Liabilities:US:Chase:Slate                       -18.70 USD
  Expenses:Food:Restaurant                          18.70 USD

2023-12-04 * "Starbucks" "" #trip-san-francisco-2023
  Liabilities:US:Chase:Slate                        -5.83 USD
  Expenses:Food:Coffee                               5.83 USD

2023-12-05 * "Pizza Delfina" "" #trip-san-francisco-2023
  Liabilities:US:Chase:Slate                       -18.81 USD
  Expenses:Food:Restaurant                          18.81 USD

2023-12-05 * "Waterbar" "" #trip-san-francisco-2023
  Liabilities:US:Chase:Slate                       -50.93 USD
  Expenses:Food:Restaurant                          50.93 USD

2023-12-05 * "Mission Chinese Food" "" #trip-san-francisco-2023
  Liabilities:US:Chase:Slate                       -27.20 USD
  Expenses:Food:Restaurant                          27.20 USD

2023-12-06 * "Bar Crudo" "" #trip-san-francisco-2023
  Liabilities:US:Chase:Slate                       -63.74 USD
  Expenses:Food:Restaurant                          63.74 USD

2023-12-07 * "Uncle Boons" "Eating out after work"
  Liabilities:US:Chase:Slate                       -41.14 USD
  Expenses:Food:Restaurant                          41.14 USD

2023-12-07 * "Pizza Delfina" "" #trip-san-francisco-2023
  Liabilities:US:Chase:Slate                       -16.20 USD
  Expenses:Food:Restaurant                          16.20 USD

2023-12-07 * "Consume vacation days"
  Assets:US:BayBook:Vacation                         -152 VACHR
  Expenses:Vacation                                   152 VACHR

2023-12-07 * "Chase:Slate" "Paying off credit card"
  Liabilities:US:Chase:Slate                       189.48 USD
  Assets:US:BofA:Checking                         -189.48 USD

2023-12-07 event "location" "New Metropolis"

2023-12-08 * "Farmer Fresh" "Buying groceries"
  Liabilities:US:Chase:Slate                       -44.77 USD
  Expenses:Food:Groceries                           44.77 USD

2023-12-10 * "Uncle Boons" "Eating out with Julie"
  Liabilities:US:Chase:Slate                       -24.64 USD
  Expenses:Food:Restaurant                          24.64 USD

2023-12-11 * "Kin Soy" "Eating out with Julie"
  Liabilities:US:Chase:Slate                       -17.64 USD
  Expenses:Food:Restaurant                          17.64 USD

2023-12-15 * "Kin Soy" "Eating out "
  Liabilities:US:Chase:Slate                       -20.63 USD
  Expenses:Food:Restaurant                          20.63 USD

2023-12-17 * "Uncle Boons" "Eating out with Julie"
  Liabilities:US:Chase:Slate                       -58.31 USD
  Expenses:Food:Restaurant                          58.31 USD

2023-12-19 balance Liabilities:US:Chase:Slate    -1569.45 USD

2023-12-21 * "Metro Transport Authority" "Tram tickets"
  Liabilities:US:Chase:Slate                      -120.00 USD
  Expenses:Transport:Tram                          120.00 USD

2023-12-22 * "Cafe Modagor" "Eating out alone"
  Liabilities:US:Chase:Slate                       -22.31 USD
  Expenses:Food:Restaurant                          22.31 USD

2023-12-24 * "Goba Goba" "Eating out after work"
  Liabilities:US:Chase:Slate                       -41.58 USD
  Expenses:Food:Restaurant                          41.58 USD

2023-12-26 * "Good Moods Market" "Buying groceries"
  Liabilities:US:Chase:Slate                       -50.29 USD
  Expenses:Food:Groceries                           50.29 USD

2023-12-27 * "Jewel of Morroco" "Eating out with work buddies"
  Liabilities:US:Chase:Slate                       -38.44 USD
  Expenses:Food:Restaurant                          38.44 USD

2023-12-31 * "Cafe Modagor" "Eating out with work buddies"
  Liabilities:US:Chase:Slate                       -23.48 USD
  Expenses:Food:Restaurant                          23.48 USD

2024-01-03 * "Good Moods Market" "Buying groceries"
  Liabilities:US:Chase:Slate                       -90.10 USD
  Expenses:Food:Groceries                           90.10 USD

2024-01-04 * "Chichipotle" "Eating out with work buddies"
  Liabilities:US:Chase:Slate                       -69.52 USD
  Expenses:Food:Restaurant                          69.52 USD

2024-01-07 * "Rose Flower" "Eating out after work"
  Liabilities:US:Chase:Slate                       -26.38 USD
  Expenses:Food:Restaurant                          26.38 USD

2024-01-08 * "Uncle Boons" "Eating out alone"
  Liabilities:US:Chase:Slate                       -36.19 USD
  Expenses:Food:Restaurant                          36.19 USD

2024-01-09 * "Corner Deli" "Buying groceries"
  Liabilities:US:Chase:Slate                       -64.31 USD
  Expenses:Food:Groceries                           64.31 USD

2024-01-10 balance Liabilities:US:Chase:Slate    -2152.05 USD

2024-01-11 * "Chase:Slate" "Paying off credit card"
  Liabilities:US:Chase:Slate                       787.80 USD
  Assets:US:BofA:Checking                         -787.80 USD

2024-01-12 * "Jewel of Morroco" "Eating out with Joe"
  Liabilities:US:Chase:Slate                       -39.21 USD
  Expenses:Food:Restaurant                          39.21 USD

2024-01-14 * "Rose Flower" "Eating out after work"
  Liabilities:US:Chase:Slate                       -44.25 USD
  Expenses:Food:Restaurant                          44.25 USD

2024-01-17 * "Goba Goba" "Eating out alone"
  Liabilities:US:Chase:Slate                       -27.72 USD
  Expenses:Food:Restaurant                          27.72 USD

2024-01-19 * "Metro Transport Authority" "Tram tickets"
  Liabilities:US:Chase:Slate                      -120.00 USD
  Expenses:Transport:Tram                          120.00 USD

2024-01-21 * "Cafe Modagor" "Eating out with Joe"
  Liabilities:US:Chase:Slate                       -23.13 USD
  Expenses:Food:Restaurant                          23.13 USD

2024-01-24 * "Onion Market" "Buying groceries"
  Liabilities:US:Chase:Slate                       -80.22 USD
  Expenses:Food:Groceries                           80.22 USD

2024-01-26 * "Goba Goba" "Eating out with work buddies"
  Liabilities:US:Chase:Slate                       -38.95 USD
  Expenses:Food:Restaurant                          38.95 USD

2024-01-27 * "Uncle Boons" "Eating out alone"
  Liabilities:US:Chase:Slate                        -9.63 USD
  Expenses:Food:Restaurant                           9.63 USD

2024-01-29 * "Onion Market" "Buying groceries"
  Liabilities:US:Chase:Slate                      -110.22 USD
  Expenses:Food:Groceries                          110.22 USD

2024-01-30 balance Liabilities:US:Chase:Slate    -1857.58 USD

2024-02-01 * "Chichipotle" "Eating out with Julie"
  Liabilities:US:Chase:Slate                       -24.61 USD
  Expenses:Food:Restaurant                          24.61 USD

2024-02-03 * "Good Moods Market" "Buying groceries"
  Liabilities:US:Chase:Slate                      -110.72 USD
  Expenses:Food:Groceries                          110.72 USD

2024-02-06 * "Kin Soy" "Eating out with Julie"
  Liabilities:US:Chase:Slate                       -62.65 USD
  Expenses:Food:Restaurant                          62.65 USD

2024-02-08 * "Chase:Slate" "Paying off credit card"
  Liabilities:US:Chase:Slate                       697.19 USD
  Assets:US:BofA:Checking                         -697.19 USD

2024-02-09 * "Uncle Boons" "Eating out with Joe"
  Liabilities:US:Chase:Slate                       -45.09 USD
  Expenses:Food:Restaurant                          45.09 USD

2024-02-10 * "China Garden" "Eating out with Joe"
  Liabilities:US:Chase:Slate                       -34.83 USD
  Expenses:Food:Restaurant                          34.83 USD

2024-02-12 * "Corner Deli" "Buying groceries"
  Liabilities:US:Chase:Slate                       -70.94 USD
  Expenses:Food:Groceries                           70.94 USD

2024-02-14 * "Rose Flower" "Eating out "
  Liabilities:US:Chase:Slate                       -26.93 USD
  Expenses:Food:Restaurant                          26.93 USD

2024-02-16 * "Metro Transport Authority" "Tram tickets"
  Liabilities:US:Chase:Slate                      -120.00 USD
  Expenses:Transport:Tram                          120.00 USD

2024-02-18 * "Goba Goba" "Eating out alone"
  Liabilities:US:Chase:Slate                       -35.63 USD
  Expenses:Food:Restaurant                          35.63 USD

2024-02-19 * "China Garden" "Eating out with Julie"
  Liabilities:US:Chase:Slate                       -20.88 USD
  Expenses:Food:Restaurant                          20.88 USD

2024-02-21 * "Goba Goba" "Eating out alone"
  Liabilities:US:Chase:Slate                       -45.81 USD
  Expenses:Food:Restaurant                          45.81 USD

2024-02-22 balance Liabilities:US:Chase:Slate    -1758.48 USD

2024-02-23 * "China Garden" "Eating out with Natasha"
  Liabilities:US:Chase:Slate                       -34.36 USD
  Expenses:Food:Restaurant                          34.36 USD

2024-02-23 * "Corner Deli" "Buying groceries"
  Liabilities:US:Chase:Slate                       -72.70 USD
  Expenses:Food:Groceries                           72.70 USD

2024-02-26 * "Kin Soy" "Eating out alone"
  Liabilities:US:Chase:Slate                       -56.83 USD
  Expenses:Food:Restaurant                          56.83 USD

2024-02-28 * "Jewel of Morroco" "Eating out "
  Liabilities:US:Chase:Slate                       -20.65 USD
  Expenses:Food:Restaurant                          20.65 USD

2024-03-02 * "Cafe Modagor" "Eating out alone"
  Liabilities:US:Chase:Slate                       -45.38 USD
  Expenses:Food:Restaurant                          45.38 USD

2024-03-06 * "China Garden" "Eating out after work"
  Liabilities:US:Chase:Slate                       -37.75 USD
  Expenses:Food:Restaurant                          37.75 USD

2024-03-08 * "Corner Deli" "Buying groceries"
  Liabilities:US:Chase:Slate                      -128.51 USD
  Expenses:Food:Groceries                          128.51 USD

2024-03-10 * "Chase:Slate" "Paying off credit card"
  Liabilities:US:Chase:Slate                       788.54 USD
  Assets:US:BofA:Checking                         -788.54 USD

2024-03-11 * "Cafe Modagor" "Eating out alone"
  Liabilities:US:Chase:Slate                       -37.34 USD
  Expenses:Food:Restaurant                          37.34 USD

2024-03-14 * "Rose Flower" "Eating out with Julie"
  Liabilities:US:Chase:Slate                       -29.60 USD
  Expenses:Food:Restaurant                          29.60 USD

2024-03-14 * "Metro Transport Authority" "Tram tickets"
  Liabilities:US:Chase:Slate                      -120.00 USD
  Expenses:Transport:Tram                          120.00 USD

2024-03-15 balance Liabilities:US:Chase:Slate    -1553.06 USD

2024-03-16 * "Goba Goba" "Eating out with Bill"
  Liabilities:US:Chase:Slate                       -23.30 USD
  Expenses:Food:Restaurant                          23.30 USD

2024-03-20 * "Cafe Modagor" "Eating out with Natasha"
  Liabilities:US:Chase:Slate                       -19.00 USD
  Expenses:Food:Restaurant                          19.00 USD

2024-03-20 * "Corner Deli" "Buying groceries"
  Liabilities:US:Chase:Slate                       -77.06 USD
  Expenses:Food:Groceries                           77.06 USD

2024-03-21 * "Rose Flower" "Eating out "
  Liabilities:US:Chase:Slate                       -33.56 USD
  Expenses:Food:Restaurant                          33.56 USD

2024-03-24 * "Uncle Boons" "Eating out after work"
  Liabilities:US:Chase:Slate                       -27.69 USD
  Expenses:Food:Restaurant                          27.69 USD

2024-03-27 * "Jewel of Morroco" "Eating out alone"
  Liabilities:US:Chase:Slate                       -21.67 USD
  Expenses:Food:Restaurant                          21.67 USD

2024-03-29 * "Farmer Fresh" "Buying groceries"
  Liabilities:US:Chase:Slate                       -94.27 USD
  Expenses:Food:Groceries                           94.27 USD

2024-04-01 * "Rose Flower" "Eating out after work"
  Liabilities:US:Chase:Slate                       -34.73 USD
  Expenses:Food:Restaurant                          34.73 USD

2024-04-03 * "Kin Soy" "Eating out after work"
  Liabilities:US:Chase:Slate                       -50.73 USD
  Expenses:Food:Restaurant                          50.73 USD

2024-04-05 * "Kin Soy" "Eating out "
  Liabilities:US:Chase:Slate                       -45.14 USD
  Expenses:Food:Restaurant                          45.14 USD

2024-04-05 * "Onion Market" "Buying groceries"
  Liabilities:US:Chase:Slate                       -68.81 USD
  Expenses:Food:Groceries                           68.81 USD

2024-04-06 * "Cafe Modagor" "Eating out with Bill"
  Liabilities:US:Chase:Slate                       -49.05 USD
  Expenses:Food:Restaurant                          49.05 USD

2024-04-07 * "Chase:Slate" "Paying off credit card"
  Liabilities:US:Chase:Slate                       743.57 USD
  Assets:US:BofA:Checking                         -743.57 USD

2024-04-08 balance Liabilities:US:Chase:Slate    -1354.50 USD

2024-04-08 * "Rose Flower" "Eating out with work buddies"
  Liabilities:US:Chase:Slate                       -48.96 USD
  Expenses:Food:Restaurant                          48.96 USD

2024-04-13 * "China Garden" "Eating out with Bill"
  Liabilities:US:Chase:Slate                       -19.65 USD
  Expenses:Food:Restaurant                          19.65 USD

2024-04-15 * "Goba Goba" "Eating out with Julie"
  Liabilities:US:Chase:Slate                       -34.76 USD
  Expenses:Food:Restaurant                          34.76 USD

2024-04-16 * "Metro Transport Authority" "Tram tickets"
  Liabilities:US:Chase:Slate                      -120.00 USD
  Expenses:Transport:Tram                          120.00 USD

2024-04-18 * "Goba Goba" "Eating out after work"
  Liabilities:US:Chase:Slate                       -16.74 USD
  Expenses:Food:Restaurant                          16.74 USD

2024-04-18 * "Corner Deli" "Buying groceries"
  Liabilities:US:Chase:Slate                       -48.39 USD
  Expenses:Food:Groceries                           48.39 USD

2024-04-22 * "Kin Soy" "Eating out with Bill"
  Liabilities:US:Chase:Slate                       -42.98 USD
  Expenses:Food:Restaurant                          42.98 USD

2024-04-26 * "Cafe Modagor" "Eating out with work buddies"
  Liabilities:US:Chase:Slate                       -25.28 USD
  Expenses:Food:Restaurant                          25.28 USD

2024-05-01 * "Goba Goba" "Eating out with Natasha"
  Liabilities:US:Chase:Slate                       -52.52 USD
  Expenses:Food:Restaurant                          52.52 USD

2024-05-04 * "Jewel of Morroco" "Eating out with work buddies"
  Liabilities:US:Chase:Slate                       -24.88 USD
  Expenses:Food:Restaurant                          24.88 USD

2024-05-06 * "Onion Market" "Buying groceries"
  Liabilities:US:Chase:Slate                       -91.72 USD
  Expenses:Food:Groceries                           91.72 USD

2024-05-08 balance Liabilities:US:Chase:Slate    -1880.38 USD

2024-05-08 * "Chase:Slate" "Paying off credit card"
  Liabilities:US:Chase:Slate                       500.97 USD
  Assets:US:BofA:Checking                         -500.97 USD

2024-05-09 * "Goba Goba" "Eating out alone"
  Liabilities:US:Chase:Slate                       -24.05 USD
  Expenses:Food:Restaurant                          24.05 USD

2024-05-10 * "Jewel of Morroco" "Eating out with Natasha"
  Liabilities:US:Chase:Slate                       -19.49 USD
  Expenses:Food:Restaurant                          19.49 USD

2024-05-12 * "Chichipotle" "Eating out with work buddies"
  Liabilities:US:Chase:Slate                       -29.18 USD
  Expenses:Food:Restaurant                          29.18 USD

2024-05-13 * "Goba Goba" "Eating out after work"
  Liabilities:US:Chase:Slate                       -43.15 USD
  Expenses:Food:Restaurant                          43.15 USD

2024-05-14 * "China Garden" "Eating out with work buddies"
  Liabilities:US:Chase:Slate                       -39.53 USD
  Expenses:Food:Restaurant                          39.53 USD

2024-05-15 * "Corner Deli" "Buying groceries"
  Liabilities:US:Chase:Slate                       -86.08 USD
  Expenses:Food:Groceries                           86.08 USD

2024-05-17 * "Metro Transport Authority" "Tram tickets"
  Liabilities:US:Chase:Slate                      -120.00 USD
  Expenses:Transport:Tram                          120.00 USD

2024-05-19 * "China Garden" "Eating out alone"
  Liabilities:US:Chase:Slate                       -17.55 USD
  Expenses:Food:Restaurant                          17.55 USD

2024-05-21 * "Goba Goba" "Eating out with Bill"
  Liabilities:US:Chase:Slate                       -12.23 USD
  Expenses:Food:Restaurant                          12.23 USD

2024-05-26 * "Kin Soy" "Eating out alone"
  Liabilities:US:Chase:Slate                       -32.12 USD
  Expenses:Food:Restaurant                          32.12 USD

2024-05-29 * "Onion Market" "Buying groceries"
  Liabilities:US:Chase:Slate                       -91.78 USD
  Expenses:Food:Groceries                           91.78 USD

2024-05-30 * "Chichipotle" "Eating out with Bill"
  Liabilities:US:Chase:Slate                       -26.36 USD
  Expenses:Food:Restaurant                          26.36 USD

2024-06-04 balance Liabilities:US:Chase:Slate    -1920.93 USD

2024-06-04 * "Rose Flower" "Eating out "
  Liabilities:US:Chase:Slate                       -31.57 USD
  Expenses:Food:Restaurant                          31.57 USD

2024-06-05 * "Uncle Boons" "Eating out with Bill"
  Liabilities:US:Chase:Slate                       -43.17 USD
  Expenses:Food:Restaurant                          43.17 USD

2024-06-05 * "Good Moods Market" "Buying groceries"
  Liabilities:US:Chase:Slate                       -69.04 USD
  Expenses:Food:Groceries                           69.04 USD

2024-06-09 * "Kin Soy" "Eating out with Natasha"
  Liabilities:US:Chase:Slate                       -39.72 USD
  Expenses:Food:Restaurant                          39.72 USD

2024-06-11 * "Chase:Slate" "Paying off credit card"
  Liabilities:US:Chase:Slate                       736.26 USD
  Assets:US:BofA:Checking                         -736.26 USD

2024-06-12 * "Rose Flower" "Eating out with Bill"
  Liabilities:US:Chase:Slate                       -35.29 USD
  Expenses:Food:Restaurant                          35.29 USD

2024-06-16 * "Kin Soy" "Eating out "
  Liabilities:US:Chase:Slate                       -41.42 USD
  Expenses:Food:Restaurant                          41.42 USD

2024-06-18 * "Jewel of Morroco" "Eating out "
  Liabilities:US:Chase:Slate                       -77.70 USD
  Expenses:Food:Restaurant                          77.70 USD

2024-06-18 * "Metro Transport Authority" "Tram tickets"
  Liabilities:US:Chase:Slate                      -120.00 USD
  Expenses:Transport:Tram                          120.00 USD

2024-06-19 * "Rose Flower" "Eating out with work buddies"
  Liabilities:US:Chase:Slate                       -18.09 USD
  Expenses:Food:Restaurant                          18.09 USD

2024-06-20 * "China Garden" "Eating out with Julie"
  Liabilities:US:Chase:Slate                       -57.10 USD
  Expenses:Food:Restaurant                          57.10 USD

2024-06-21 * "Kin Soy" "Eating out "
  Liabilities:US:Chase:Slate                       -28.91 USD
  Expenses:Food:Restaurant                          28.91 USD

2024-06-22 * "Farmer Fresh" "Buying groceries"
  Liabilities:US:Chase:Slate                       -78.23 USD
  Expenses:Food:Groceries                           78.23 USD

2024-06-24 * "Jewel of Morroco" "Eating out with Joe"
  Liabilities:US:Chase:Slate                       -31.87 USD
  Expenses:Food:Restaurant                          31.87 USD

2024-06-26 * "Chichipotle" "Eating out after work"
  Liabilities:US:Chase:Slate                       -27.03 USD
  Expenses:Food:Restaurant                          27.03 USD

2024-06-28 * "Good Moods Market" "Buying groceries"
  Liabilities:US:Chase:Slate                      -125.85 USD
  Expenses:Food:Groceries                          125.85 USD

2024-06-29 * "Jewel of Morroco" "Eating out with work buddies"
  Liabilities:US:Chase:Slate                       -27.25 USD
  Expenses:Food:Restaurant                          27.25 USD

2024-07-02 balance Liabilities:US:Chase:Slate    -2036.91 USD

2024-07-04 * "Rose Flower" "Eating out with Bill"
  Liabilities:US:Chase:Slate                       -37.88 USD
  Expenses:Food:Restaurant                          37.88 USD

2024-07-05 * "Jewel of Morroco" "Eating out with work buddies"
  Liabilities:US:Chase:Slate                       -25.21 USD
  Expenses:Food:Restaurant                          25.21 USD

2024-07-07 * "Kin Soy" "Eating out alone"
  Liabilities:US:Chase:Slate                       -26.83 USD
  Expenses:Food:Restaurant                          26.83 USD

2024-07-09 * "Chase:Slate" "Paying off credit card"
  Liabilities:US:Chase:Slate                       762.97 USD
  Assets:US:BofA:Checking                         -762.97 USD

2024-07-10 * "Kin Soy" "Eating out "
  Liabilities:US:Chase:Slate                       -39.60 USD
  Expenses:Food:Restaurant                          39.60 USD

2024-07-13 * "Kin Soy" "Eating out alone"
  Liabilities:US:Chase:Slate                       -34.23 USD
  Expenses:Food:Restaurant                          34.23 USD

2024-07-14 * "Good Moods Market" "Buying groceries"
  Liabilities:US:Chase:Slate                       -79.93 USD
  Expenses:Food:Groceries                           79.93 USD

2024-07-17 * "Chichipotle" "Eating out with Julie"
  Liabilities:US:Chase:Slate                       -42.35 USD
  Expenses:Food:Restaurant                          42.35 USD

2024-07-18 * "China Garden" "Eating out alone"
  Liabilities:US:Chase:Slate                       -27.33 USD
  Expenses:Food:Restaurant                          27.33 USD

2024-07-19 * "Farmer Fresh" "Buying groceries"
  Liabilities:US:Chase:Slate                       -93.78 USD
  Expenses:Food:Groceries                           93.78 USD

2024-07-19 * "Metro Transport Authority" "Tram tickets"
  Liabilities:US:Chase:Slate                      -120.00 USD
  Expenses:Transport:Tram                          120.00 USD

2024-07-20 * "Chichipotle" "Eating out alone"
  Liabilities:US:Chase:Slate                       -14.45 USD
  Expenses:Food:Restaurant                          14.45 USD

2024-07-23 * "Uncle Boons" "Eating out with Joe"
  Liabilities:US:Chase:Slate                       -26.63 USD
  Expenses:Food:Restaurant                          26.63 USD

2024-07-24 * "Good Moods Market" "Buying groceries"
  Liabilities:US:Chase:Slate                       -73.97 USD
  Expenses:Food:Groceries                           73.97 USD

2024-07-26 * "Uncle Boons" "Eating out with work buddies"
  Liabilities:US:Chase:Slate                       -49.19 USD
  Expenses:Food:Restaurant                          49.19 USD

2024-07-29 balance Liabilities:US:Chase:Slate    -1965.32 USD

2024-07-29 * "Uncle Boons" "Eating out with Bill"
  Liabilities:US:Chase:Slate                       -34.81 USD
  Expenses:Food:Restaurant                          34.81 USD

2024-08-03 * "Uncle Boons" "Eating out after work"
  Liabilities:US:Chase:Slate                       -32.85 USD
  Expenses:Food:Restaurant                          32.85 USD

2024-08-03 * "Good Moods Market" "Buying groceries"
  Liabilities:US:Chase:Slate                       -61.21 USD
  Expenses:Food:Groceries                           61.21 USD

2024-08-07 * "Chichipotle" "Eating out "
  Liabilities:US:Chase:Slate                       -27.01 USD
  Expenses:Food:Restaurant                          27.01 USD

2024-08-07 * "Chase:Slate" "Paying off credit card"
  Liabilities:US:Chase:Slate                       717.74 USD
  Assets:US:BofA:Checking                         -717.74 USD

2024-08-10 * "Cafe Modagor" "Eating out with Bill"
  Liabilities:US:Chase:Slate                       -24.75 USD
  Expenses:Food:Restaurant                          24.75 USD

2024-08-13 * "Goba Goba" "Eating out with Bill"
  Liabilities:US:Chase:Slate                       -31.02 USD
  Expenses:Food:Restaurant                          31.02 USD

2024-08-16 * "Goba Goba" "Eating out "
  Liabilities:US:Chase:Slate                       -61.67 USD
  Expenses:Food:Restaurant                          61.67 USD

2024-08-17 * "Metro Transport Authority" "Tram tickets"
  Liabilities:US:Chase:Slate                      -120.00 USD
  Expenses:Transport:Tram                          120.00 USD

2024-08-18 * "Uncle Boons" "Eating out alone"
  Liabilities:US:Chase:Slate                       -37.17 USD
  Expenses:Food:Restaurant                          37.17 USD

2024-08-20 balance Liabilities:US:Chase:Slate    -1678.07 USD

2024-08-20 * "Onion Market" "Buying groceries"
  Liabilities:US:Chase:Slate                       -89.81 USD
  Expenses:Food:Groceries                           89.81 USD

2024-08-21 * "Goba Goba" "Eating out "
  Liabilities:US:Chase:Slate                       -53.50 USD
  Expenses:Food:Restaurant                          53.50 USD

2024-08-24 * "Jewel of Morroco" "Eating out after work"
  Liabilities:US:Chase:Slate                       -31.40 USD
  Expenses:Food:Restaurant                          31.40 USD

2024-08-25 * "Farmer Fresh" "Buying groceries"
  Liabilities:US:Chase:Slate                       -67.53 USD
  Expenses:Food:Groceries                           67.53 USD

2024-08-26 * "China Garden" "Eating out alone"
  Liabilities:US:Chase:Slate                       -24.82 USD
  Expenses:Food:Restaurant                          24.82 USD

2024-08-31 * "Chichipotle" "Eating out alone"
  Liabilities:US:Chase:Slate                       -15.49 USD
  Expenses:Food:Restaurant                          15.49 USD

2024-09-02 * "Onion Market" "Buying groceries"
  Liabilities:US:Chase:Slate                       -77.51 USD
  Expenses:Food:Groceries                           77.51 USD

2024-09-03 * "Jewel of Morroco" "Eating out after work"
  Liabilities:US:Chase:Slate                       -34.59 USD
  Expenses:Food:Restaurant                          34.59 USD

2024-09-04 * "Jewel of Morroco" "Eating out with Joe"
  Liabilities:US:Chase:Slate                       -25.22 USD
  Expenses:Food:Restaurant                          25.22 USD

2024-09-08 * "China Garden" "Eating out with Joe"
  Liabilities:US:Chase:Slate                       -15.27 USD
  Expenses:Food:Restaurant                          15.27 USD

2024-09-08 * "Farmer Fresh" "Buying groceries"
  Liabilities:US:Chase:Slate                       -67.54 USD
  Expenses:Food:Groceries                           67.54 USD

2024-09-11 * "Kin Soy" "Eating out after work"
  Liabilities:US:Chase:Slate                       -18.44 USD
  Expenses:Food:Restaurant                          18.44 USD

2024-09-13 * "Rose Flower" "Eating out "
  Liabilities:US:Chase:Slate                       -17.66 USD
  Expenses:Food:Restaurant                          17.66 USD

2024-09-14 balance Liabilities:US:Chase:Slate    -2216.85 USD

2024-09-15 * "Metro Transport Authority" "Tram tickets"
  Liabilities:US:Chase:Slate                      -120.00 USD
  Expenses:Transport:Tram                          120.00 USD

2024-09-17 * "Uncle Boons" "Eating out with Julie"
  Liabilities:US:Chase:Slate                       -18.07 USD
  Expenses:Food:Restaurant                          18.07 USD

2024-09-20 * "Kin Soy" "Eating out with Natasha"
  Liabilities:US:Chase:Slate                       -52.18 USD
  Expenses:Food:Restaurant                          52.18 USD

2024-09-22 * "Onion Market" "Buying groceries"
  Liabilities:US:Chase:Slate                       -83.10 USD
  Expenses:Food:Groceries                           83.10 USD

2024-09-23 * "China Garden" "Eating out alone"
  Liabilities:US:Chase:Slate                       -35.89 USD
  Expenses:Food:Restaurant                          35.89 USD

2024-09-24 * "Uncle Boons" "Eating out after work"
  Liabilities:US:Chase:Slate                       -33.34 USD
  Expenses:Food:Restaurant                          33.34 USD

2024-09-25 * "Rose Flower" "Eating out with Julie"
  Liabilities:US:Chase:Slate                       -24.22 USD
  Expenses:Food:Restaurant                          24.22 USD

2024-09-26 * "Kin Soy" "Eating out with Bill"
  Liabilities:US:Chase:Slate                       -26.89 USD
  Expenses:Food:Restaurant                          26.89 USD

2024-09-28 * "Rose Flower" "Eating out with work buddies"
  Liabilities:US:Chase:Slate                       -30.85 USD
  Expenses:Food:Restaurant                          30.85 USD



* Taxable Investments

2022-01-01 open Assets:US:ETrade:Cash                       USD
2022-01-01 open Assets:US:ETrade:ITOT                       ITOT
2022-01-01 open Assets:US:ETrade:VEA                       VEA
2022-01-01 open Assets:US:ETrade:VHT                       VHT
2022-01-01 open Assets:US:ETrade:GLD                       GLD
2022-01-01 open Income:US:ETrade:PnL                        USD
2022-01-01 open Income:US:ETrade:ITOT:Dividend              USD
2022-01-01 open Income:US:ETrade:VEA:Dividend              USD
2022-01-01 open Income:US:ETrade:VHT:Dividend              USD
2022-01-01 open Income:US:ETrade:GLD:Dividend              USD

2022-09-17 * "Buy shares of GLD"
  Assets:US:ETrade:Cash                          -1072.21 USD                         
  Assets:US:ETrade:GLD                                 27 GLD {39.38 USD, 2022-09-17}
  Expenses:Financial:Commissions                     8.95 USD                         

2022-09-17 * "Buy shares of VHT"
  Assets:US:ETrade:Cash                          -1087.21 USD                          
  Assets:US:ETrade:VHT                                  6 VHT {179.71 USD, 2022-09-17}
  Expenses:Financial:Commissions                     8.95 USD                          

2022-09-17 * "Buy shares of ITOT"
  Assets:US:ETrade:Cash                          -1048.75 USD                         
  Assets:US:ETrade:ITOT                                12 ITOT {86.65 USD, 2022-09-17}
  Expenses:Financial:Commissions                     8.95 USD                         

2022-09-17 * "Buy shares of VEA"
  Assets:US:ETrade:Cash                           -977.05 USD                          
  Assets:US:ETrade:VEA                                  6 VEA {161.35 USD, 2022-09-17}
  Expenses:Financial:Commissions                     8.95 USD                          

2022-09-18 * "Dividends on portfolio"
  Assets:US:ETrade:Cash                             16.60 USD
  Income:US:ETrade:GLD:Dividend                    -16.60 USD

2022-11-14 * "Buy shares of ITOT"
  Assets:US:ETrade:Cash                          -4784.60 USD                         
  Assets:US:ETrade:ITOT                                55 ITOT {86.83 USD, 2022-11-14}
  Expenses:Financial:Commissions                     8.95 USD                         

2022-12-17 * "Dividends on portfolio"
  Assets:US:ETrade:Cash                             35.70 USD
  Income:US:ETrade:VHT:Dividend                    -35.70 USD

2023-01-23 * "Sell shares of ITOT"
  Assets:US:ETrade:ITOT                               -55 ITOT {86.83 USD, 2022-11-14} @ 82.97 USD
  Assets:US:ETrade:Cash                           4554.40 USD                                     
  Expenses:Financial:Commissions                     8.95 USD                                     
  Income:US:ETrade:PnL                             212.30 USD                                     

2023-01-29 * "Buy shares of GLD"
  Assets:US:ETrade:Cash                          -1504.85 USD                         
  Assets:US:ETrade:GLD                                 35 GLD {42.74 USD, 2023-01-29}
  Expenses:Financial:Commissions                     8.95 USD                         

2023-01-29 * "Buy shares of ITOT"
  Assets:US:ETrade:Cash                          -1500.97 USD                         
  Assets:US:ETrade:ITOT                                18 ITOT {82.89 USD, 2023-01-29}
  Expenses:Financial:Commissions                     8.95 USD                         

2023-01-29 * "Buy shares of VHT"
  Assets:US:ETrade:Cash                          -1417.99 USD                          
  Assets:US:ETrade:VHT                                  8 VHT {176.13 USD, 2023-01-29}
  Expenses:Financial:Commissions                     8.95 USD                          

2023-03-18 * "Dividends on portfolio"
  Assets:US:ETrade:Cash                             53.29 USD
  Income:US:ETrade:VHT:Dividend                    -53.29 USD

2023-03-27 * "Sell shares of GLD"
  Assets:US:ETrade:GLD                                -27 GLD {39.38 USD, 2022-09-17} @ 45.88 USD
  Assets:US:ETrade:Cash                           1229.81 USD                                     
  Expenses:Financial:Commissions                     8.95 USD                                     
  Income:US:ETrade:PnL                            -175.50 USD                                     

2023-03-31 * "Buy shares of GLD"
  Assets:US:ETrade:Cash                          -1289.67 USD                         
  Assets:US:ETrade:GLD                                 28 GLD {45.74 USD, 2023-03-31}
  Expenses:Financial:Commissions                     8.95 USD                         

2023-06-18 * "Dividends on portfolio"
  Assets:US:ETrade:Cash                             58.41 USD
  Income:US:ETrade:VEA:Dividend                    -58.41 USD

2023-09-17 * "Buy shares of VHT"
  Assets:US:ETrade:Cash                          -1297.72 USD                          
  Assets:US:ETrade:VHT                                  7 VHT {184.11 USD, 2023-09-17}
  Expenses:Financial:Commissions                     8.95 USD                          

2023-09-17 * "Buy shares of ITOT"
  Assets:US:ETrade:Cash                          -1242.30 USD                         
  Assets:US:ETrade:ITOT                                17 ITOT {72.55 USD, 2023-09-17}
  Expenses:Financial:Commissions                     8.95 USD                         

2023-09-17 * "Buy shares of GLD"
  Assets:US:ETrade:Cash                          -1305.76 USD                         
  Assets:US:ETrade:GLD                                 27 GLD {48.03 USD, 2023-09-17}
  Expenses:Financial:Commissions                     8.95 USD                         

2023-09-18 * "Dividends on portfolio"
  Assets:US:ETrade:Cash                             73.69 USD
  Income:US:ETrade:VHT:Dividend                    -73.69 USD

2023-10-26 * "Sell shares of ITOT"
  Assets:US:ETrade:ITOT                               -18 ITOT {82.89 USD, 2023-01-29} @ 73.16 USD
  Assets:US:ETrade:Cash                           1307.93 USD                                     
  Expenses:Financial:Commissions                     8.95 USD                                     
  Income:US:ETrade:PnL                             175.14 USD                                     

2023-10-31 * "Buy shares of ITOT"
  Assets:US:ETrade:Cash                          -1471.75 USD                         
  Assets:US:ETrade:ITOT                                20 ITOT {73.14 USD, 2023-10-31}
  Expenses:Financial:Commissions                     8.95 USD                         

2023-11-28 * "Buy shares of GLD"
  Assets:US:ETrade:Cash                          -3968.71 USD                         
  Assets:US:ETrade:GLD                                 84 GLD {47.14 USD, 2023-11-28}
  Expenses:Financial:Commissions                     8.95 USD                         

2023-12-17 * "Dividends on portfolio"
  Assets:US:ETrade:Cash                             95.38 USD
  Income:US:ETrade:ITOT:Dividend                   -95.38 USD

2024-02-08 * "Sell shares of ITOT"
  Assets:US:ETrade:ITOT                               -12 ITOT {86.65 USD, 2022-09-17} @ 65.67 USD
  Assets:US:ETrade:Cash                            779.09 USD                                     
  Expenses:Financial:Commissions                     8.95 USD                                     
  Income:US:ETrade:PnL                             251.76 USD                                     

2024-03-17 * "Dividends on portfolio"
  Assets:US:ETrade:Cash                             95.38 USD
  Income:US:ETrade:ITOT:Dividend                   -95.38 USD

2024-04-06 * "Sell shares of VEA"
  Assets:US:ETrade:VEA                                 -6 VEA {161.35 USD, 2022-09-17} @ 201.20 USD
  Assets:US:ETrade:Cash                           1198.25 USD                                       
  Expenses:Financial:Commissions                     8.95 USD                                       
  Income:US:ETrade:PnL                            -239.10 USD                                       

2024-04-09 * "Buy shares of VHT"
  Assets:US:ETrade:Cash                           -391.13 USD                          
  Assets:US:ETrade:VHT                                  2 VHT {191.09 USD, 2024-04-09}
  Expenses:Financial:Commissions                     8.95 USD                          

2024-04-09 * "Buy shares of ITOT"
  Assets:US:ETrade:Cash                           -455.27 USD                         
  Assets:US:ETrade:ITOT                                 7 ITOT {63.76 USD, 2024-04-09}
  Expenses:Financial:Commissions                     8.95 USD                         

2024-04-09 * "Buy shares of GLD"
  Assets:US:ETrade:Cash                           -479.05 USD                         
  Assets:US:ETrade:GLD                                 10 GLD {47.01 USD, 2024-04-09}
  Expenses:Financial:Commissions                     8.95 USD                         

2024-04-09 * "Buy shares of VEA"
  Assets:US:ETrade:Cash                           -411.35 USD                          
  Assets:US:ETrade:VEA                                  2 VEA {201.20 USD, 2024-04-09}
  Expenses:Financial:Commissions                     8.95 USD                          

2024-06-17 * "Dividends on portfolio"
  Assets:US:ETrade:Cash                            102.18 USD
  Income:US:ETrade:ITOT:Dividend                  -102.18 USD

2024-07-23 * "Sell shares of ITOT"
  Assets:US:ETrade:ITOT                               -20 ITOT {73.14 USD, 2023-10-31} @ 70.41 USD
  Assets:US:ETrade:Cash                           1399.25 USD                                     
  Expenses:Financial:Commissions                     8.95 USD                                     
  Income:US:ETrade:PnL                              54.60 USD                                     

2024-08-07 * "Sell shares of GLD"
  Assets:US:ETrade:GLD                                -27 GLD {48.03 USD, 2023-09-17} @ 47.58 USD
  Assets:US:ETrade:Cash                           1275.71 USD                                     
  Expenses:Financial:Commissions                     8.95 USD                                     
  Income:US:ETrade:PnL                              12.15 USD                                     

2024-08-13 * "Buy shares of ITOT"
  Assets:US:ETrade:Cash                           -644.44 USD                         
  Assets:US:ETrade:ITOT                                 9 ITOT {70.61 USD, 2024-08-13}
  Expenses:Financial:Commissions                     8.95 USD                         

2024-08-13 * "Buy shares of GLD"
  Assets:US:ETrade:Cash                           -675.77 USD                         
  Assets:US:ETrade:GLD                                 14 GLD {47.63 USD, 2024-08-13}
  Expenses:Financial:Commissions                     8.95 USD                         

2024-08-13 * "Buy shares of VHT"
  Assets:US:ETrade:Cash                           -571.63 USD                          
  Assets:US:ETrade:VHT                                  3 VHT {187.56 USD, 2024-08-13}
  Expenses:Financial:Commissions                     8.95 USD                          

2024-08-13 * "Buy shares of VEA"
  Assets:US:ETrade:Cash                           -631.06 USD                          
  Assets:US:ETrade:VEA                                  3 VEA {207.37 USD, 2024-08-13}
  Expenses:Financial:Commissions                     8.95 USD                          

2024-08-16 * "Buy shares of VEA"
  Assets:US:ETrade:Cash                          -1033.05 USD                          
  Assets:US:ETrade:VEA                                  5 VEA {204.82 USD, 2024-08-16}
  Expenses:Financial:Commissions                     8.95 USD                          

2024-08-16 * "Buy shares of VHT"
  Assets:US:ETrade:Cash                           -957.50 USD                          
  Assets:US:ETrade:VHT                                  5 VHT {189.71 USD, 2024-08-16}
  Expenses:Financial:Commissions                     8.95 USD                          

2024-08-16 * "Buy shares of ITOT"
  Assets:US:ETrade:Cash                          -1049.80 USD                         
  Assets:US:ETrade:ITOT                                15 ITOT {69.39 USD, 2024-08-16}
  Expenses:Financial:Commissions                     8.95 USD                         

2024-09-17 * "Dividends on portfolio"
  Assets:US:ETrade:Cash                            124.18 USD
  Income:US:ETrade:VEA:Dividend                   -124.18 USD

2024-09-27 * "Buy shares of VEA"
  Assets:US:ETrade:Cash                          -5300.73 USD                          
  Assets:US:ETrade:VEA                                 26 VEA {203.53 USD, 2024-09-27}
  Expenses:Financial:Commissions                     8.95 USD                          



* Vanguard Investments

2022-01-01 open Assets:US:Vanguard:VBMPX                     VBMPX
  number: "882882"
2022-01-01 open Assets:US:Vanguard:RGAGX                     RGAGX
  number: "882882"
2022-01-01 open Assets:US:Vanguard                            USD
  address: "P.O. Box 1110, Valley Forge, PA 19482-1110"
  institution: "Vanguard Group"
  phone: "+1.800.523.1188"
2022-01-01 open Income:US:BayBook:Match401k                   USD
2022-01-01 open Assets:US:Vanguard:Cash                       USD
  number: "882882"

2022-01-07 * "Employer match for contribution"
  Assets:US:Vanguard:Cash                          600.00 USD
  Income:US:BayBook:Match401k                     -600.00 USD

2022-01-10 * "Investing 40% of cash in VBMPX"
  Assets:US:Vanguard:VBMPX                         15.769 VBMPX {30.44 USD, 2022-01-10}
  Assets:US:Vanguard:Cash                         -480.01 USD                           

2022-01-10 * "Investing 60% of cash in RGAGX"
  Assets:US:Vanguard:RGAGX                          4.339 RGAGX {165.92 USD, 2022-01-10}
  Assets:US:Vanguard:Cash                         -719.93 USD                            

2022-01-10 * "Investing 40% of cash in VBMPX"
  Assets:US:Vanguard:VBMPX                          7.885 VBMPX {30.44 USD, 2022-01-10}
  Assets:US:Vanguard:Cash                         -240.02 USD                           

2022-01-10 * "Investing 60% of cash in RGAGX"
  Assets:US:Vanguard:RGAGX                          2.170 RGAGX {165.92 USD, 2022-01-10}
  Assets:US:Vanguard:Cash                         -360.05 USD                            

2022-01-21 * "Employer match for contribution"
  Assets:US:Vanguard:Cash                          600.00 USD
  Income:US:BayBook:Match401k                     -600.00 USD

2022-01-24 * "Investing 40% of cash in VBMPX"
  Assets:US:Vanguard:VBMPX                         15.826 VBMPX {30.33 USD, 2022-01-24}
  Assets:US:Vanguard:Cash                         -480.00 USD                           

2022-01-24 * "Investing 60% of cash in RGAGX"
  Assets:US:Vanguard:RGAGX                          4.343 RGAGX {165.79 USD, 2022-01-24}
  Assets:US:Vanguard:Cash                         -720.03 USD                            

2022-01-24 * "Investing 40% of cash in VBMPX"
  Assets:US:Vanguard:VBMPX                          7.912 VBMPX {30.33 USD, 2022-01-24}
  Assets:US:Vanguard:Cash                         -239.97 USD                           

2022-01-24 * "Investing 60% of cash in RGAGX"
  Assets:US:Vanguard:RGAGX                          2.171 RGAGX {165.79 USD, 2022-01-24}
  Assets:US:Vanguard:Cash                         -359.93 USD                            

2022-02-04 * "Employer match for contribution"
  Assets:US:Vanguard:Cash                          600.00 USD
  Income:US:BayBook:Match401k                     -600.00 USD

2022-02-07 * "Investing 40% of cash in VBMPX"
  Assets:US:Vanguard:VBMPX                         16.049 VBMPX {29.91 USD, 2022-02-07}
  Assets:US:Vanguard:Cash                         -480.03 USD                           

2022-02-07 * "Investing 60% of cash in RGAGX"
  Assets:US:Vanguard:RGAGX                          4.287 RGAGX {167.97 USD, 2022-02-07}
  Assets:US:Vanguard:Cash                         -720.09 USD                            

2022-02-07 * "Investing 40% of cash in VBMPX"
  Assets:US:Vanguard:VBMPX                          8.023 VBMPX {29.91 USD, 2022-02-07}
  Assets:US:Vanguard:Cash                         -239.97 USD                           

2022-02-07 * "Investing 60% of cash in RGAGX"
  Assets:US:Vanguard:RGAGX                          2.143 RGAGX {167.97 USD, 2022-02-07}
  Assets:US:Vanguard:Cash                         -359.96 USD                            

2022-02-18 * "Employer match for contribution"
  Assets:US:Vanguard:Cash                          600.00 USD
  Income:US:BayBook:Match401k                     -600.00 USD

2022-02-21 * "Investing 40% of cash in VBMPX"
  Assets:US:Vanguard:VBMPX                         15.936 VBMPX {30.12 USD, 2022-02-21}
  Assets:US:Vanguard:Cash                         -479.99 USD                           

2022-02-21 * "Investing 60% of cash in RGAGX"
  Assets:US:Vanguard:RGAGX                          4.268 RGAGX {168.69 USD, 2022-02-21}
  Assets:US:Vanguard:Cash                         -719.97 USD                            

2022-02-21 * "Investing 40% of cash in VBMPX"
  Assets:US:Vanguard:VBMPX                          7.969 VBMPX {30.12 USD, 2022-02-21}
  Assets:US:Vanguard:Cash                         -240.03 USD                           

2022-02-21 * "Investing 60% of cash in RGAGX"
  Assets:US:Vanguard:RGAGX                          2.134 RGAGX {168.69 USD, 2022-02-21}
  Assets:US:Vanguard:Cash                         -359.98 USD                            

2022-03-04 * "Employer match for contribution"
  Assets:US:Vanguard:Cash                          600.00 USD
  Income:US:BayBook:Match401k                     -600.00 USD

2022-03-07 * "Investing 40% of cash in VBMPX"
  Assets:US:Vanguard:VBMPX                         15.702 VBMPX {30.57 USD, 2022-03-07}
  Assets:US:Vanguard:Cash                         -480.01 USD                           

2022-03-07 * "Investing 60% of cash in RGAGX"
  Assets:US:Vanguard:RGAGX                          4.155 RGAGX {173.31 USD, 2022-03-07}
  Assets:US:Vanguard:Cash                         -720.10 USD                            

2022-03-07 * "Investing 40% of cash in VBMPX"
  Assets:US:Vanguard:VBMPX                          7.850 VBMPX {30.57 USD, 2022-03-07}
  Assets:US:Vanguard:Cash                         -239.97 USD                           

2022-03-07 * "Investing 60% of cash in RGAGX"
  Assets:US:Vanguard:RGAGX                          2.077 RGAGX {173.31 USD, 2022-03-07}
  Assets:US:Vanguard:Cash                         -359.96 USD                            

2022-03-18 * "Employer match for contribution"
  Assets:US:Vanguard:Cash                          600.00 USD
  Income:US:BayBook:Match401k                     -600.00 USD

2022-03-21 * "Investing 40% of cash in VBMPX"
  Assets:US:Vanguard:VBMPX                         15.574 VBMPX {30.82 USD, 2022-03-21}
  Assets:US:Vanguard:Cash                         -479.99 USD                           

2022-03-21 * "Investing 60% of cash in RGAGX"
  Assets:US:Vanguard:RGAGX                          4.142 RGAGX {173.83 USD, 2022-03-21}
  Assets:US:Vanguard:Cash                         -720.00 USD                            

2022-03-21 * "Investing 40% of cash in VBMPX"
  Assets:US:Vanguard:VBMPX                          7.787 VBMPX {30.82 USD, 2022-03-21}
  Assets:US:Vanguard:Cash                         -240.00 USD                           

2022-03-21 * "Investing 60% of cash in RGAGX"
  Assets:US:Vanguard:RGAGX                          2.071 RGAGX {173.83 USD, 2022-03-21}
  Assets:US:Vanguard:Cash                         -360.00 USD                            

2022-04-01 * "Employer match for contribution"
  Assets:US:Vanguard:Cash                          600.00 USD
  Income:US:BayBook:Match401k                     -600.00 USD

2022-04-04 * "Investing 40% of cash in VBMPX"
  Assets:US:Vanguard:VBMPX                         16.151 VBMPX {29.72 USD, 2022-04-04}
  Assets:US:Vanguard:Cash                         -480.01 USD                           

2022-04-04 * "Investing 60% of cash in RGAGX"
  Assets:US:Vanguard:RGAGX                          4.096 RGAGX {175.78 USD, 2022-04-04}
  Assets:US:Vanguard:Cash                         -719.99 USD                            

2022-04-04 * "Investing 40% of cash in VBMPX"
  Assets:US:Vanguard:VBMPX                          8.076 VBMPX {29.72 USD, 2022-04-04}
  Assets:US:Vanguard:Cash                         -240.02 USD                           

2022-04-04 * "Investing 60% of cash in RGAGX"
  Assets:US:Vanguard:RGAGX                          2.048 RGAGX {175.78 USD, 2022-04-04}
  Assets:US:Vanguard:Cash                         -360.00 USD                            

2022-04-15 * "Employer match for contribution"
  Assets:US:Vanguard:Cash                          600.00 USD
  Income:US:BayBook:Match401k                     -600.00 USD

2022-04-18 * "Investing 40% of cash in VBMPX"
  Assets:US:Vanguard:VBMPX                         16.678 VBMPX {28.78 USD, 2022-04-18}
  Assets:US:Vanguard:Cash                         -479.99 USD                           

2022-04-18 * "Investing 60% of cash in RGAGX"
  Assets:US:Vanguard:RGAGX                          4.184 RGAGX {172.07 USD, 2022-04-18}
  Assets:US:Vanguard:Cash                         -719.94 USD                            

2022-04-18 * "Investing 40% of cash in VBMPX"
  Assets:US:Vanguard:VBMPX                          8.340 VBMPX {28.78 USD, 2022-04-18}
  Assets:US:Vanguard:Cash                         -240.03 USD                           

2022-04-18 * "Investing 60% of cash in RGAGX"
  Assets:US:Vanguard:RGAGX                          2.092 RGAGX {172.07 USD, 2022-04-18}
  Assets:US:Vanguard:Cash                         -359.97 USD                            

2022-04-29 * "Employer match for contribution"
  Assets:US:Vanguard:Cash                          600.00 USD
  Income:US:BayBook:Match401k                     -600.00 USD

2022-05-02 * "Investing 40% of cash in VBMPX"
  Assets:US:Vanguard:VBMPX                         16.054 VBMPX {29.90 USD, 2022-05-02}
  Assets:US:Vanguard:Cash                         -480.01 USD                           

2022-05-02 * "Investing 60% of cash in RGAGX"
  Assets:US:Vanguard:RGAGX                          4.181 RGAGX {172.20 USD, 2022-05-02}
  Assets:US:Vanguard:Cash                         -719.97 USD                            

2022-05-02 * "Investing 40% of cash in VBMPX"
  Assets:US:Vanguard:VBMPX                          8.028 VBMPX {29.90 USD, 2022-05-02}
  Assets:US:Vanguard:Cash                         -240.04 USD                           

2022-05-02 * "Investing 60% of cash in RGAGX"
  Assets:US:Vanguard:RGAGX                          2.091 RGAGX {172.20 USD, 2022-05-02}
  Assets:US:Vanguard:Cash                         -360.07 USD                            

2022-05-13 * "Employer match for contribution"
  Assets:US:Vanguard:Cash                          600.00 USD
  Income:US:BayBook:Match401k                     -600.00 USD

2022-05-16 * "Investing 40% of cash in VBMPX"
  Assets:US:Vanguard:VBMPX                         16.591 VBMPX {28.93 USD, 2022-05-16}
  Assets:US:Vanguard:Cash                         -479.98 USD                           

2022-05-16 * "Investing 60% of cash in RGAGX"
  Assets:US:Vanguard:RGAGX                          4.027 RGAGX {178.79 USD, 2022-05-16}
  Assets:US:Vanguard:Cash                         -719.99 USD                            

2022-05-16 * "Investing 40% of cash in VBMPX"
  Assets:US:Vanguard:VBMPX                          8.296 VBMPX {28.93 USD, 2022-05-16}
  Assets:US:Vanguard:Cash                         -240.00 USD                           

2022-05-16 * "Investing 60% of cash in RGAGX"
  Assets:US:Vanguard:RGAGX                          2.014 RGAGX {178.79 USD, 2022-05-16}
  Assets:US:Vanguard:Cash                         -360.08 USD                            

2022-05-27 * "Employer match for contribution"
  Assets:US:Vanguard:Cash                          600.00 USD
  Income:US:BayBook:Match401k                     -600.00 USD

2022-05-30 * "Investing 40% of cash in VBMPX"
  Assets:US:Vanguard:VBMPX                         16.539 VBMPX {29.02 USD, 2022-05-30}
  Assets:US:Vanguard:Cash                         -479.96 USD                           

2022-05-30 * "Investing 60% of cash in RGAGX"
  Assets:US:Vanguard:RGAGX                          4.085 RGAGX {176.23 USD, 2022-05-30}
  Assets:US:Vanguard:Cash                         -719.90 USD                            

2022-05-30 * "Investing 40% of cash in VBMPX"
  Assets:US:Vanguard:VBMPX                          8.271 VBMPX {29.02 USD, 2022-05-30}
  Assets:US:Vanguard:Cash                         -240.02 USD                           

2022-05-30 * "Investing 60% of cash in RGAGX"
  Assets:US:Vanguard:RGAGX                          2.043 RGAGX {176.23 USD, 2022-05-30}
  Assets:US:Vanguard:Cash                         -360.04 USD                            

2022-06-10 * "Employer match for contribution"
  Assets:US:Vanguard:Cash                          600.00 USD
  Income:US:BayBook:Match401k                     -600.00 USD

2022-06-13 * "Investing 40% of cash in VBMPX"
  Assets:US:Vanguard:VBMPX                         17.009 VBMPX {28.22 USD, 2022-06-13}
  Assets:US:Vanguard:Cash                         -479.99 USD                           

2022-06-13 * "Investing 60% of cash in RGAGX"
  Assets:US:Vanguard:RGAGX                          4.108 RGAGX {175.25 USD, 2022-06-13}
  Assets:US:Vanguard:Cash                         -719.93 USD                            

2022-06-13 * "Investing 40% of cash in VBMPX"
  Assets:US:Vanguard:VBMPX                          8.506 VBMPX {28.22 USD, 2022-06-13}
  Assets:US:Vanguard:Cash                         -240.04 USD                           

2022-06-13 * "Investing 60% of cash in RGAGX"
  Assets:US:Vanguard:RGAGX                          2.054 RGAGX {175.25 USD, 2022-06-13}
  Assets:US:Vanguard:Cash                         -359.96 USD                            

2022-06-24 * "Employer match for contribution"
  Assets:US:Vanguard:Cash                          600.00 USD
  Income:US:BayBook:Match401k                     -600.00 USD

2022-06-27 * "Investing 40% of cash in VBMPX"
  Assets:US:Vanguard:VBMPX                         17.642 VBMPX {27.21 USD, 2022-06-27}
  Assets:US:Vanguard:Cash                         -480.04 USD                           

2022-06-27 * "Investing 60% of cash in RGAGX"
  Assets:US:Vanguard:RGAGX                          4.174 RGAGX {172.52 USD, 2022-06-27}
  Assets:US:Vanguard:Cash                         -720.10 USD                            

2022-06-27 * "Investing 40% of cash in VBMPX"
  Assets:US:Vanguard:VBMPX                          8.819 VBMPX {27.21 USD, 2022-06-27}
  Assets:US:Vanguard:Cash                         -239.96 USD                           

2022-06-27 * "Investing 60% of cash in RGAGX"
  Assets:US:Vanguard:RGAGX                          2.087 RGAGX {172.52 USD, 2022-06-27}
  Assets:US:Vanguard:Cash                         -360.05 USD                            

2022-07-08 * "Employer match for contribution"
  Assets:US:Vanguard:Cash                          600.00 USD
  Income:US:BayBook:Match401k                     -600.00 USD

2022-07-11 * "Investing 40% of cash in VBMPX"
  Assets:US:Vanguard:VBMPX                         17.963 VBMPX {26.72 USD, 2022-07-11}
  Assets:US:Vanguard:Cash                         -479.97 USD                           

2022-07-11 * "Investing 60% of cash in RGAGX"
  Assets:US:Vanguard:RGAGX                          4.138 RGAGX {173.98 USD, 2022-07-11}
  Assets:US:Vanguard:Cash                         -719.93 USD                            

2022-07-11 * "Investing 40% of cash in VBMPX"
  Assets:US:Vanguard:VBMPX                          8.982 VBMPX {26.72 USD, 2022-07-11}
  Assets:US:Vanguard:Cash                         -240.00 USD                           

2022-07-11 * "Investing 60% of cash in RGAGX"
  Assets:US:Vanguard:RGAGX                          2.069 RGAGX {173.98 USD, 2022-07-11}
  Assets:US:Vanguard:Cash                         -359.96 USD                            

2022-07-22 * "Employer match for contribution"
  Assets:US:Vanguard:Cash                          600.00 USD
  Income:US:BayBook:Match401k                     -600.00 USD

2022-07-25 * "Investing 40% of cash in VBMPX"
  Assets:US:Vanguard:VBMPX                         18.033 VBMPX {26.62 USD, 2022-07-25}
  Assets:US:Vanguard:Cash                         -480.04 USD                           

2022-07-25 * "Investing 60% of cash in RGAGX"
  Assets:US:Vanguard:RGAGX                          4.148 RGAGX {173.58 USD, 2022-07-25}
  Assets:US:Vanguard:Cash                         -720.01 USD                            

2022-07-25 * "Investing 40% of cash in VBMPX"
  Assets:US:Vanguard:VBMPX                          9.016 VBMPX {26.62 USD, 2022-07-25}
  Assets:US:Vanguard:Cash                         -240.01 USD                           

2022-07-25 * "Investing 60% of cash in RGAGX"
  Assets:US:Vanguard:RGAGX                          2.074 RGAGX {173.58 USD, 2022-07-25}
  Assets:US:Vanguard:Cash                         -360.00 USD                            

2022-08-05 * "Employer match for contribution"
  Assets:US:Vanguard:Cash                          250.00 USD
  Income:US:BayBook:Match401k                     -250.00 USD

2022-08-08 * "Investing 40% of cash in VBMPX"
  Assets:US:Vanguard:VBMPX                          7.690 VBMPX {26.01 USD, 2022-08-08}
  Assets:US:Vanguard:Cash                         -200.02 USD                           

2022-08-08 * "Investing 60% of cash in RGAGX"
  Assets:US:Vanguard:RGAGX                          1.735 RGAGX {172.88 USD, 2022-08-08}
  Assets:US:Vanguard:Cash                         -299.95 USD                            

2022-08-08 * "Investing 40% of cash in VBMPX"
  Assets:US:Vanguard:VBMPX                          3.845 VBMPX {26.01 USD, 2022-08-08}
  Assets:US:Vanguard:Cash                         -100.01 USD                           

2022-08-08 * "Investing 60% of cash in RGAGX"
  Assets:US:Vanguard:RGAGX                          0.868 RGAGX {172.88 USD, 2022-08-08}
  Assets:US:Vanguard:Cash                         -150.06 USD                            

2023-01-06 * "Employer match for contribution"
  Assets:US:Vanguard:Cash                          600.00 USD
  Income:US:BayBook:Match401k                     -600.00 USD

2023-01-09 * "Investing 40% of cash in VBMPX"
  Assets:US:Vanguard:VBMPX                         17.198 VBMPX {27.91 USD, 2023-01-09}
  Assets:US:Vanguard:Cash                         -480.00 USD                           

2023-01-09 * "Investing 60% of cash in RGAGX"
  Assets:US:Vanguard:RGAGX                          3.804 RGAGX {189.26 USD, 2023-01-09}
  Assets:US:Vanguard:Cash                         -719.95 USD                            

2023-01-09 * "Investing 40% of cash in VBMPX"
  Assets:US:Vanguard:VBMPX                          8.599 VBMPX {27.91 USD, 2023-01-09}
  Assets:US:Vanguard:Cash                         -240.00 USD                           

2023-01-09 * "Investing 60% of cash in RGAGX"
  Assets:US:Vanguard:RGAGX                          1.902 RGAGX {189.26 USD, 2023-01-09}
  Assets:US:Vanguard:Cash                         -359.97 USD                            

2023-01-20 * "Employer match for contribution"
  Assets:US:Vanguard:Cash                          600.00 USD
  Income:US:BayBook:Match401k                     -600.00 USD

2023-01-23 * "Investing 40% of cash in VBMPX"
  Assets:US:Vanguard:VBMPX                         17.101 VBMPX {28.07 USD, 2023-01-23}
  Assets:US:Vanguard:Cash                         -480.03 USD                           

2023-01-23 * "Investing 60% of cash in RGAGX"
  Assets:US:Vanguard:RGAGX                          3.707 RGAGX {194.24 USD, 2023-01-23}
  Assets:US:Vanguard:Cash                         -720.05 USD                            

2023-01-23 * "Investing 40% of cash in VBMPX"
  Assets:US:Vanguard:VBMPX                          8.550 VBMPX {28.07 USD, 2023-01-23}
  Assets:US:Vanguard:Cash                         -240.00 USD                           

2023-01-23 * "Investing 60% of cash in RGAGX"
  Assets:US:Vanguard:RGAGX                          1.853 RGAGX {194.24 USD, 2023-01-23}
  Assets:US:Vanguard:Cash                         -359.93 USD                            

2023-02-03 * "Employer match for contribution"
  Assets:US:Vanguard:Cash                          600.00 USD
  Income:US:BayBook:Match401k                     -600.00 USD

2023-02-06 * "Investing 40% of cash in VBMPX"
  Assets:US:Vanguard:VBMPX                         16.702 VBMPX {28.74 USD, 2023-02-06}
  Assets:US:Vanguard:Cash                         -480.02 USD                           

2023-02-06 * "Investing 60% of cash in RGAGX"
  Assets:US:Vanguard:RGAGX                          3.690 RGAGX {195.11 USD, 2023-02-06}
  Assets:US:Vanguard:Cash                         -719.96 USD                            

2023-02-06 * "Investing 40% of cash in VBMPX"
  Assets:US:Vanguard:VBMPX                          8.352 VBMPX {28.74 USD, 2023-02-06}
  Assets:US:Vanguard:Cash                         -240.04 USD                           

2023-02-06 * "Investing 60% of cash in RGAGX"
  Assets:US:Vanguard:RGAGX                          1.845 RGAGX {195.11 USD, 2023-02-06}
  Assets:US:Vanguard:Cash                         -359.98 USD                            

2023-02-17 * "Employer match for contribution"
  Assets:US:Vanguard:Cash                          600.00 USD
  Income:US:BayBook:Match401k                     -600.00 USD

2023-02-20 * "Investing 40% of cash in VBMPX"
  Assets:US:Vanguard:VBMPX                         17.285 VBMPX {27.77 USD, 2023-02-20}
  Assets:US:Vanguard:Cash                         -480.00 USD                           

2023-02-20 * "Investing 60% of cash in RGAGX"
  Assets:US:Vanguard:RGAGX                          3.792 RGAGX {189.86 USD, 2023-02-20}
  Assets:US:Vanguard:Cash                         -719.95 USD                            

2023-02-20 * "Investing 40% of cash in VBMPX"
  Assets:US:Vanguard:VBMPX                          8.644 VBMPX {27.77 USD, 2023-02-20}
  Assets:US:Vanguard:Cash                         -240.04 USD                           

2023-02-20 * "Investing 60% of cash in RGAGX"
  Assets:US:Vanguard:RGAGX                          1.896 RGAGX {189.86 USD, 2023-02-20}
  Assets:US:Vanguard:Cash                         -359.97 USD                            

2023-03-03 * "Employer match for contribution"
  Assets:US:Vanguard:Cash                          600.00 USD
  Income:US:BayBook:Match401k                     -600.00 USD

2023-03-06 * "Investing 40% of cash in VBMPX"
  Assets:US:Vanguard:VBMPX                         17.399 VBMPX {27.59 USD, 2023-03-06}
  Assets:US:Vanguard:Cash                         -480.04 USD                           

2023-03-06 * "Investing 60% of cash in RGAGX"
  Assets:US:Vanguard:RGAGX                          3.869 RGAGX {186.11 USD, 2023-03-06}
  Assets:US:Vanguard:Cash                         -720.06 USD                            

2023-03-06 * "Investing 40% of cash in VBMPX"
  Assets:US:Vanguard:VBMPX                          8.699 VBMPX {27.59 USD, 2023-03-06}
  Assets:US:Vanguard:Cash                         -240.01 USD                           

2023-03-06 * "Investing 60% of cash in RGAGX"
  Assets:US:Vanguard:RGAGX                          1.934 RGAGX {186.11 USD, 2023-03-06}
  Assets:US:Vanguard:Cash                         -359.94 USD                            

2023-03-17 * "Employer match for contribution"
  Assets:US:Vanguard:Cash                          600.00 USD
  Income:US:BayBook:Match401k                     -600.00 USD

2023-03-20 * "Investing 40% of cash in VBMPX"
  Assets:US:Vanguard:VBMPX                         18.005 VBMPX {26.66 USD, 2023-03-20}
  Assets:US:Vanguard:Cash                         -480.01 USD                           

2023-03-20 * "Investing 60% of cash in RGAGX"
  Assets:US:Vanguard:RGAGX                          4.024 RGAGX {178.95 USD, 2023-03-20}
  Assets:US:Vanguard:Cash                         -720.09 USD                            

2023-03-20 * "Investing 40% of cash in VBMPX"
  Assets:US:Vanguard:VBMPX                          9.001 VBMPX {26.66 USD, 2023-03-20}
  Assets:US:Vanguard:Cash                         -239.97 USD                           

2023-03-20 * "Investing 60% of cash in RGAGX"
  Assets:US:Vanguard:RGAGX                          2.012 RGAGX {178.95 USD, 2023-03-20}
  Assets:US:Vanguard:Cash                         -360.05 USD                            

2023-03-31 * "Employer match for contribution"
  Assets:US:Vanguard:Cash                          600.00 USD
  Income:US:BayBook:Match401k                     -600.00 USD

2023-04-03 * "Investing 40% of cash in VBMPX"
  Assets:US:Vanguard:VBMPX                         18.368 VBMPX {26.13 USD, 2023-04-03}
  Assets:US:Vanguard:Cash                         -479.96 USD                           

2023-04-03 * "Investing 60% of cash in RGAGX"
  Assets:US:Vanguard:RGAGX                          4.073 RGAGX {176.75 USD, 2023-04-03}
  Assets:US:Vanguard:Cash                         -719.90 USD                            

2023-04-03 * "Investing 40% of cash in VBMPX"
  Assets:US:Vanguard:VBMPX                          9.186 VBMPX {26.13 USD, 2023-04-03}
  Assets:US:Vanguard:Cash                         -240.03 USD                           

2023-04-03 * "Investing 60% of cash in RGAGX"
  Assets:US:Vanguard:RGAGX                          2.037 RGAGX {176.75 USD, 2023-04-03}
  Assets:US:Vanguard:Cash                         -360.04 USD                            

2023-04-14 * "Employer match for contribution"
  Assets:US:Vanguard:Cash                          600.00 USD
  Income:US:BayBook:Match401k                     -600.00 USD

2023-04-17 * "Investing 40% of cash in VBMPX"
  Assets:US:Vanguard:VBMPX                         18.533 VBMPX {25.90 USD, 2023-04-17}
  Assets:US:Vanguard:Cash                         -480.00 USD                           

2023-04-17 * "Investing 60% of cash in RGAGX"
  Assets:US:Vanguard:RGAGX                          4.099 RGAGX {175.64 USD, 2023-04-17}
  Assets:US:Vanguard:Cash                         -719.95 USD                            

2023-04-17 * "Investing 40% of cash in VBMPX"
  Assets:US:Vanguard:VBMPX                          9.267 VBMPX {25.90 USD, 2023-04-17}
  Assets:US:Vanguard:Cash                         -240.02 USD                           

2023-04-17 * "Investing 60% of cash in RGAGX"
  Assets:US:Vanguard:RGAGX                          2.050 RGAGX {175.64 USD, 2023-04-17}
  Assets:US:Vanguard:Cash                         -360.06 USD                            

2023-04-28 * "Employer match for contribution"
  Assets:US:Vanguard:Cash                          600.00 USD
  Income:US:BayBook:Match401k                     -600.00 USD

2023-05-01 * "Investing 40% of cash in VBMPX"
  Assets:US:Vanguard:VBMPX                         18.561 VBMPX {25.86 USD, 2023-05-01}
  Assets:US:Vanguard:Cash                         -479.99 USD                           

2023-05-01 * "Investing 60% of cash in RGAGX"
  Assets:US:Vanguard:RGAGX                          4.108 RGAGX {175.26 USD, 2023-05-01}
  Assets:US:Vanguard:Cash                         -719.97 USD                            

2023-05-01 * "Investing 40% of cash in VBMPX"
  Assets:US:Vanguard:VBMPX                          9.281 VBMPX {25.86 USD, 2023-05-01}
  Assets:US:Vanguard:Cash                         -240.01 USD                           

2023-05-01 * "Investing 60% of cash in RGAGX"
  Assets:US:Vanguard:RGAGX                          2.054 RGAGX {175.26 USD, 2023-05-01}
  Assets:US:Vanguard:Cash                         -359.98 USD                            

2023-05-12 * "Employer match for contribution"
  Assets:US:Vanguard:Cash                          600.00 USD
  Income:US:BayBook:Match401k                     -600.00 USD

2023-05-15 * "Investing 40% of cash in VBMPX"
  Assets:US:Vanguard:VBMPX                         18.161 VBMPX {26.43 USD, 2023-05-15}
  Assets:US:Vanguard:Cash                         -480.00 USD                           

2023-05-15 * "Investing 60% of cash in RGAGX"
  Assets:US:Vanguard:RGAGX                          4.171 RGAGX {172.63 USD, 2023-05-15}
  Assets:US:Vanguard:Cash                         -720.04 USD                            

2023-05-15 * "Investing 40% of cash in VBMPX"
  Assets:US:Vanguard:VBMPX                          9.080 VBMPX {26.43 USD, 2023-05-15}
  Assets:US:Vanguard:Cash                         -239.98 USD                           

2023-05-15 * "Investing 60% of cash in RGAGX"
  Assets:US:Vanguard:RGAGX                          2.085 RGAGX {172.63 USD, 2023-05-15}
  Assets:US:Vanguard:Cash                         -359.93 USD                            

2023-05-26 * "Employer match for contribution"
  Assets:US:Vanguard:Cash                          600.00 USD
  Income:US:BayBook:Match401k                     -600.00 USD

2023-05-29 * "Investing 40% of cash in VBMPX"
  Assets:US:Vanguard:VBMPX                         18.846 VBMPX {25.47 USD, 2023-05-29}
  Assets:US:Vanguard:Cash                         -480.01 USD                           

2023-05-29 * "Investing 60% of cash in RGAGX"
  Assets:US:Vanguard:RGAGX                          4.189 RGAGX {171.87 USD, 2023-05-29}
  Assets:US:Vanguard:Cash                         -719.96 USD                            

2023-05-29 * "Investing 40% of cash in VBMPX"
  Assets:US:Vanguard:VBMPX                          9.424 VBMPX {25.47 USD, 2023-05-29}
  Assets:US:Vanguard:Cash                         -240.03 USD                           

2023-05-29 * "Investing 60% of cash in RGAGX"
  Assets:US:Vanguard:RGAGX                          2.095 RGAGX {171.87 USD, 2023-05-29}
  Assets:US:Vanguard:Cash                         -360.07 USD                            

2023-06-09 * "Employer match for contribution"
  Assets:US:Vanguard:Cash                          600.00 USD
  Income:US:BayBook:Match401k                     -600.00 USD

2023-06-12 * "Investing 40% of cash in VBMPX"
  Assets:US:Vanguard:VBMPX                         18.461 VBMPX {26.00 USD, 2023-06-12}
  Assets:US:Vanguard:Cash                         -479.99 USD                           

2023-06-12 * "Investing 60% of cash in RGAGX"
  Assets:US:Vanguard:RGAGX                          4.200 RGAGX {171.42 USD, 2023-06-12}
  Assets:US:Vanguard:Cash                         -719.96 USD                            

2023-06-12 * "Investing 40% of cash in VBMPX"
  Assets:US:Vanguard:VBMPX                          9.231 VBMPX {26.00 USD, 2023-06-12}
  Assets:US:Vanguard:Cash                         -240.01 USD                           

2023-06-12 * "Investing 60% of cash in RGAGX"
  Assets:US:Vanguard:RGAGX                          2.100 RGAGX {171.42 USD, 2023-06-12}
  Assets:US:Vanguard:Cash                         -359.98 USD                            

2023-06-23 * "Employer match for contribution"
  Assets:US:Vanguard:Cash                          600.00 USD
  Income:US:BayBook:Match401k                     -600.00 USD

2023-06-26 * "Investing 40% of cash in VBMPX"
  Assets:US:Vanguard:VBMPX                         18.670 VBMPX {25.71 USD, 2023-06-26}
  Assets:US:Vanguard:Cash                         -480.01 USD                           

2023-06-26 * "Investing 60% of cash in RGAGX"
  Assets:US:Vanguard:RGAGX                          4.209 RGAGX {171.06 USD, 2023-06-26}
  Assets:US:Vanguard:Cash                         -719.99 USD                            

2023-06-26 * "Investing 40% of cash in VBMPX"
  Assets:US:Vanguard:VBMPX                          9.336 VBMPX {25.71 USD, 2023-06-26}
  Assets:US:Vanguard:Cash                         -240.03 USD                           

2023-06-26 * "Investing 60% of cash in RGAGX"
  Assets:US:Vanguard:RGAGX                          2.105 RGAGX {171.06 USD, 2023-06-26}
  Assets:US:Vanguard:Cash                         -360.08 USD                            

2023-07-07 * "Employer match for contribution"
  Assets:US:Vanguard:Cash                          600.00 USD
  Income:US:BayBook:Match401k                     -600.00 USD

2023-07-10 * "Investing 40% of cash in VBMPX"
  Assets:US:Vanguard:VBMPX                         18.949 VBMPX {25.33 USD, 2023-07-10}
  Assets:US:Vanguard:Cash                         -479.98 USD                           

2023-07-10 * "Investing 60% of cash in RGAGX"
  Assets:US:Vanguard:RGAGX                          4.112 RGAGX {175.10 USD, 2023-07-10}
  Assets:US:Vanguard:Cash                         -720.01 USD                            

2023-07-10 * "Investing 40% of cash in VBMPX"
  Assets:US:Vanguard:VBMPX                          9.474 VBMPX {25.33 USD, 2023-07-10}
  Assets:US:Vanguard:Cash                         -239.98 USD                           

2023-07-10 * "Investing 60% of cash in RGAGX"
  Assets:US:Vanguard:RGAGX                          2.056 RGAGX {175.10 USD, 2023-07-10}
  Assets:US:Vanguard:Cash                         -360.01 USD                            

2023-07-21 * "Employer match for contribution"
  Assets:US:Vanguard:Cash                          600.00 USD
  Income:US:BayBook:Match401k                     -600.00 USD

2023-07-24 * "Investing 40% of cash in VBMPX"
  Assets:US:Vanguard:VBMPX                         19.417 VBMPX {24.72 USD, 2023-07-24}
  Assets:US:Vanguard:Cash                         -479.99 USD                           

2023-07-24 * "Investing 60% of cash in RGAGX"
  Assets:US:Vanguard:RGAGX                          3.995 RGAGX {180.24 USD, 2023-07-24}
  Assets:US:Vanguard:Cash                         -720.06 USD                            

2023-07-24 * "Investing 40% of cash in VBMPX"
  Assets:US:Vanguard:VBMPX                          9.707 VBMPX {24.72 USD, 2023-07-24}
  Assets:US:Vanguard:Cash                         -239.96 USD                           

2023-07-24 * "Investing 60% of cash in RGAGX"
  Assets:US:Vanguard:RGAGX                          1.997 RGAGX {180.24 USD, 2023-07-24}
  Assets:US:Vanguard:Cash                         -359.94 USD                            

2023-08-04 * "Employer match for contribution"
  Assets:US:Vanguard:Cash                          250.00 USD
  Income:US:BayBook:Match401k                     -250.00 USD

2023-08-07 * "Investing 40% of cash in VBMPX"
  Assets:US:Vanguard:VBMPX                          7.927 VBMPX {25.23 USD, 2023-08-07}
  Assets:US:Vanguard:Cash                         -200.00 USD                           

2023-08-07 * "Investing 60% of cash in RGAGX"
  Assets:US:Vanguard:RGAGX                          1.652 RGAGX {181.61 USD, 2023-08-07}
  Assets:US:Vanguard:Cash                         -300.02 USD                            

2023-08-07 * "Investing 40% of cash in VBMPX"
  Assets:US:Vanguard:VBMPX                          3.963 VBMPX {25.23 USD, 2023-08-07}
  Assets:US:Vanguard:Cash                          -99.99 USD                           

2023-08-07 * "Investing 60% of cash in RGAGX"
  Assets:US:Vanguard:RGAGX                          0.826 RGAGX {181.61 USD, 2023-08-07}
  Assets:US:Vanguard:Cash                         -150.01 USD                            

2024-01-05 * "Employer match for contribution"
  Assets:US:Vanguard:Cash                          600.00 USD
  Income:US:BayBook:Match401k                     -600.00 USD

2024-01-08 * "Investing 40% of cash in VBMPX"
  Assets:US:Vanguard:VBMPX                         20.417 VBMPX {23.51 USD, 2024-01-08}
  Assets:US:Vanguard:Cash                         -480.00 USD                           

2024-01-08 * "Investing 60% of cash in RGAGX"
  Assets:US:Vanguard:RGAGX                          3.675 RGAGX {195.90 USD, 2024-01-08}
  Assets:US:Vanguard:Cash                         -719.93 USD                            

2024-01-08 * "Investing 40% of cash in VBMPX"
  Assets:US:Vanguard:VBMPX                         10.209 VBMPX {23.51 USD, 2024-01-08}
  Assets:US:Vanguard:Cash                         -240.01 USD                           

2024-01-08 * "Investing 60% of cash in RGAGX"
  Assets:US:Vanguard:RGAGX                          1.838 RGAGX {195.90 USD, 2024-01-08}
  Assets:US:Vanguard:Cash                         -360.06 USD                            

2024-01-19 * "Employer match for contribution"
  Assets:US:Vanguard:Cash                          600.00 USD
  Income:US:BayBook:Match401k                     -600.00 USD

2024-01-22 * "Investing 40% of cash in VBMPX"
  Assets:US:Vanguard:VBMPX                         20.016 VBMPX {23.98 USD, 2024-01-22}
  Assets:US:Vanguard:Cash                         -479.98 USD                           

2024-01-22 * "Investing 60% of cash in RGAGX"
  Assets:US:Vanguard:RGAGX                          3.760 RGAGX {191.49 USD, 2024-01-22}
  Assets:US:Vanguard:Cash                         -720.00 USD                            

2024-01-22 * "Investing 40% of cash in VBMPX"
  Assets:US:Vanguard:VBMPX                         10.008 VBMPX {23.98 USD, 2024-01-22}
  Assets:US:Vanguard:Cash                         -239.99 USD                           

2024-01-22 * "Investing 60% of cash in RGAGX"
  Assets:US:Vanguard:RGAGX                          1.880 RGAGX {191.49 USD, 2024-01-22}
  Assets:US:Vanguard:Cash                         -360.00 USD                            

2024-02-02 * "Employer match for contribution"
  Assets:US:Vanguard:Cash                          600.00 USD
  Income:US:BayBook:Match401k                     -600.00 USD

2024-02-05 * "Investing 40% of cash in VBMPX"
  Assets:US:Vanguard:VBMPX                         19.753 VBMPX {24.30 USD, 2024-02-05}
  Assets:US:Vanguard:Cash                         -480.00 USD                           

2024-02-05 * "Investing 60% of cash in RGAGX"
  Assets:US:Vanguard:RGAGX                          3.764 RGAGX {191.27 USD, 2024-02-05}
  Assets:US:Vanguard:Cash                         -719.94 USD                            

2024-02-05 * "Investing 40% of cash in VBMPX"
  Assets:US:Vanguard:VBMPX                          9.878 VBMPX {24.30 USD, 2024-02-05}
  Assets:US:Vanguard:Cash                         -240.04 USD                           

2024-02-05 * "Investing 60% of cash in RGAGX"
  Assets:US:Vanguard:RGAGX                          1.882 RGAGX {191.27 USD, 2024-02-05}
  Assets:US:Vanguard:Cash                         -359.97 USD                            

2024-02-16 * "Employer match for contribution"
  Assets:US:Vanguard:Cash                          600.00 USD
  Income:US:BayBook:Match401k                     -600.00 USD

2024-02-19 * "Investing 40% of cash in VBMPX"
  Assets:US:Vanguard:VBMPX                         20.186 VBMPX {23.78 USD, 2024-02-19}
  Assets:US:Vanguard:Cash                         -480.02 USD                           

2024-02-19 * "Investing 60% of cash in RGAGX"
  Assets:US:Vanguard:RGAGX                          3.716 RGAGX {193.77 USD, 2024-02-19}
  Assets:US:Vanguard:Cash                         -720.05 USD                            

2024-02-19 * "Investing 40% of cash in VBMPX"
  Assets:US:Vanguard:VBMPX                         10.092 VBMPX {23.78 USD, 2024-02-19}
  Assets:US:Vanguard:Cash                         -239.99 USD                           

2024-02-19 * "Investing 60% of cash in RGAGX"
  Assets:US:Vanguard:RGAGX                          1.858 RGAGX {193.77 USD, 2024-02-19}
  Assets:US:Vanguard:Cash                         -360.02 USD                            

2024-03-01 * "Employer match for contribution"
  Assets:US:Vanguard:Cash                          600.00 USD
  Income:US:BayBook:Match401k                     -600.00 USD

2024-03-04 * "Investing 40% of cash in VBMPX"
  Assets:US:Vanguard:VBMPX                         20.151 VBMPX {23.82 USD, 2024-03-04}
  Assets:US:Vanguard:Cash                         -480.00 USD                           

2024-03-04 * "Investing 60% of cash in RGAGX"
  Assets:US:Vanguard:RGAGX                          3.699 RGAGX {194.62 USD, 2024-03-04}
  Assets:US:Vanguard:Cash                         -719.90 USD                            

2024-03-04 * "Investing 40% of cash in VBMPX"
  Assets:US:Vanguard:VBMPX                         10.077 VBMPX {23.82 USD, 2024-03-04}
  Assets:US:Vanguard:Cash                         -240.03 USD                           

2024-03-04 * "Investing 60% of cash in RGAGX"
  Assets:US:Vanguard:RGAGX                          1.850 RGAGX {194.62 USD, 2024-03-04}
  Assets:US:Vanguard:Cash                         -360.05 USD                            

2024-03-15 * "Employer match for contribution"
  Assets:US:Vanguard:Cash                          600.00 USD
  Income:US:BayBook:Match401k                     -600.00 USD

2024-03-18 * "Investing 40% of cash in VBMPX"
  Assets:US:Vanguard:VBMPX                         20.636 VBMPX {23.26 USD, 2024-03-18}
  Assets:US:Vanguard:Cash                         -479.99 USD                           

2024-03-18 * "Investing 60% of cash in RGAGX"
  Assets:US:Vanguard:RGAGX                          3.796 RGAGX {189.69 USD, 2024-03-18}
  Assets:US:Vanguard:Cash                         -720.06 USD                            

2024-03-18 * "Investing 40% of cash in VBMPX"
  Assets:US:Vanguard:VBMPX                         10.317 VBMPX {23.26 USD, 2024-03-18}
  Assets:US:Vanguard:Cash                         -239.97 USD                           

2024-03-18 * "Investing 60% of cash in RGAGX"
  Assets:US:Vanguard:RGAGX                          1.898 RGAGX {189.69 USD, 2024-03-18}
  Assets:US:Vanguard:Cash                         -360.03 USD                            

2024-03-29 * "Employer match for contribution"
  Assets:US:Vanguard:Cash                          600.00 USD
  Income:US:BayBook:Match401k                     -600.00 USD

2024-04-01 * "Investing 40% of cash in VBMPX"
  Assets:US:Vanguard:VBMPX                         20.905 VBMPX {22.96 USD, 2024-04-01}
  Assets:US:Vanguard:Cash                         -479.98 USD                           

2024-04-01 * "Investing 60% of cash in RGAGX"
  Assets:US:Vanguard:RGAGX                          3.800 RGAGX {189.46 USD, 2024-04-01}
  Assets:US:Vanguard:Cash                         -719.95 USD                            

2024-04-01 * "Investing 40% of cash in VBMPX"
  Assets:US:Vanguard:VBMPX                         10.453 VBMPX {22.96 USD, 2024-04-01}
  Assets:US:Vanguard:Cash                         -240.00 USD                           

2024-04-01 * "Investing 60% of cash in RGAGX"
  Assets:US:Vanguard:RGAGX                          1.900 RGAGX {189.46 USD, 2024-04-01}
  Assets:US:Vanguard:Cash                         -359.97 USD                            

2024-04-12 * "Employer match for contribution"
  Assets:US:Vanguard:Cash                          600.00 USD
  Income:US:BayBook:Match401k                     -600.00 USD

2024-04-15 * "Investing 40% of cash in VBMPX"
  Assets:US:Vanguard:VBMPX                         20.549 VBMPX {23.36 USD, 2024-04-15}
  Assets:US:Vanguard:Cash                         -480.02 USD                           

2024-04-15 * "Investing 60% of cash in RGAGX"
  Assets:US:Vanguard:RGAGX                          3.731 RGAGX {193.00 USD, 2024-04-15}
  Assets:US:Vanguard:Cash                         -720.08 USD                            

2024-04-15 * "Investing 40% of cash in VBMPX"
  Assets:US:Vanguard:VBMPX                         10.273 VBMPX {23.36 USD, 2024-04-15}
  Assets:US:Vanguard:Cash                         -239.98 USD                           

2024-04-15 * "Investing 60% of cash in RGAGX"
  Assets:US:Vanguard:RGAGX                          1.865 RGAGX {193.00 USD, 2024-04-15}
  Assets:US:Vanguard:Cash                         -359.94 USD                            

2024-04-26 * "Employer match for contribution"
  Assets:US:Vanguard:Cash                          600.00 USD
  Income:US:BayBook:Match401k                     -600.00 USD

2024-04-29 * "Investing 40% of cash in VBMPX"
  Assets:US:Vanguard:VBMPX                         21.155 VBMPX {22.69 USD, 2024-04-29}
  Assets:US:Vanguard:Cash                         -480.01 USD                           

2024-04-29 * "Investing 60% of cash in RGAGX"
  Assets:US:Vanguard:RGAGX                          3.745 RGAGX {192.27 USD, 2024-04-29}
  Assets:US:Vanguard:Cash                         -720.05 USD                            

2024-04-29 * "Investing 40% of cash in VBMPX"
  Assets:US:Vanguard:VBMPX                         10.577 VBMPX {22.69 USD, 2024-04-29}
  Assets:US:Vanguard:Cash                         -239.99 USD                           

2024-04-29 * "Investing 60% of cash in RGAGX"
  Assets:US:Vanguard:RGAGX                          1.872 RGAGX {192.27 USD, 2024-04-29}
  Assets:US:Vanguard:Cash                         -359.93 USD                            

2024-05-10 * "Employer match for contribution"
  Assets:US:Vanguard:Cash                          600.00 USD
  Income:US:BayBook:Match401k                     -600.00 USD

2024-05-13 * "Investing 40% of cash in VBMPX"
  Assets:US:Vanguard:VBMPX                         20.807 VBMPX {23.07 USD, 2024-05-13}
  Assets:US:Vanguard:Cash                         -480.02 USD                           

2024-05-13 * "Investing 60% of cash in RGAGX"
  Assets:US:Vanguard:RGAGX                          3.663 RGAGX {196.57 USD, 2024-05-13}
  Assets:US:Vanguard:Cash                         -720.04 USD                            

2024-05-13 * "Investing 40% of cash in VBMPX"
  Assets:US:Vanguard:VBMPX                         10.403 VBMPX {23.07 USD, 2024-05-13}
  Assets:US:Vanguard:Cash                         -240.00 USD                           

2024-05-13 * "Investing 60% of cash in RGAGX"
  Assets:US:Vanguard:RGAGX                          1.831 RGAGX {196.57 USD, 2024-05-13}
  Assets:US:Vanguard:Cash                         -359.92 USD                            

2024-05-24 * "Employer match for contribution"
  Assets:US:Vanguard:Cash                          600.00 USD
  Income:US:BayBook:Match401k                     -600.00 USD

2024-05-27 * "Investing 40% of cash in VBMPX"
  Assets:US:Vanguard:VBMPX                         19.885 VBMPX {24.14 USD, 2024-05-27}
  Assets:US:Vanguard:Cash                         -480.02 USD                           

2024-05-27 * "Investing 60% of cash in RGAGX"
  Assets:US:Vanguard:RGAGX                          3.688 RGAGX {195.25 USD, 2024-05-27}
  Assets:US:Vanguard:Cash                         -720.08 USD                            

2024-05-27 * "Investing 40% of cash in VBMPX"
  Assets:US:Vanguard:VBMPX                          9.942 VBMPX {24.14 USD, 2024-05-27}
  Assets:US:Vanguard:Cash                         -240.00 USD                           

2024-05-27 * "Investing 60% of cash in RGAGX"
  Assets:US:Vanguard:RGAGX                          1.844 RGAGX {195.25 USD, 2024-05-27}
  Assets:US:Vanguard:Cash                         -360.04 USD                            

2024-06-07 * "Employer match for contribution"
  Assets:US:Vanguard:Cash                          600.00 USD
  Income:US:BayBook:Match401k                     -600.00 USD

2024-06-10 * "Investing 40% of cash in VBMPX"
  Assets:US:Vanguard:VBMPX                         19.284 VBMPX {24.89 USD, 2024-06-10}
  Assets:US:Vanguard:Cash                         -479.98 USD                           

2024-06-10 * "Investing 60% of cash in RGAGX"
  Assets:US:Vanguard:RGAGX                          3.719 RGAGX {193.57 USD, 2024-06-10}
  Assets:US:Vanguard:Cash                         -719.89 USD                            

2024-06-10 * "Investing 40% of cash in VBMPX"
  Assets:US:Vanguard:VBMPX                          9.643 VBMPX {24.89 USD, 2024-06-10}
  Assets:US:Vanguard:Cash                         -240.01 USD                           

2024-06-10 * "Investing 60% of cash in RGAGX"
  Assets:US:Vanguard:RGAGX                          1.860 RGAGX {193.57 USD, 2024-06-10}
  Assets:US:Vanguard:Cash                         -360.04 USD                            

2024-06-21 * "Employer match for contribution"
  Assets:US:Vanguard:Cash                          600.00 USD
  Income:US:BayBook:Match401k                     -600.00 USD

2024-06-24 * "Investing 40% of cash in VBMPX"
  Assets:US:Vanguard:VBMPX                         20.034 VBMPX {23.96 USD, 2024-06-24}
  Assets:US:Vanguard:Cash                         -480.01 USD                           

2024-06-24 * "Investing 60% of cash in RGAGX"
  Assets:US:Vanguard:RGAGX                          3.777 RGAGX {190.61 USD, 2024-06-24}
  Assets:US:Vanguard:Cash                         -719.93 USD                            

2024-06-24 * "Investing 40% of cash in VBMPX"
  Assets:US:Vanguard:VBMPX                         10.018 VBMPX {23.96 USD, 2024-06-24}
  Assets:US:Vanguard:Cash                         -240.03 USD                           

2024-06-24 * "Investing 60% of cash in RGAGX"
  Assets:US:Vanguard:RGAGX                          1.889 RGAGX {190.61 USD, 2024-06-24}
  Assets:US:Vanguard:Cash                         -360.06 USD                            

2024-07-05 * "Employer match for contribution"
  Assets:US:Vanguard:Cash                          600.00 USD
  Income:US:BayBook:Match401k                     -600.00 USD

2024-07-08 * "Investing 40% of cash in VBMPX"
  Assets:US:Vanguard:VBMPX                         19.942 VBMPX {24.07 USD, 2024-07-08}
  Assets:US:Vanguard:Cash                         -480.00 USD                           

2024-07-08 * "Investing 60% of cash in RGAGX"
  Assets:US:Vanguard:RGAGX                          3.854 RGAGX {186.83 USD, 2024-07-08}
  Assets:US:Vanguard:Cash                         -720.04 USD                            

2024-07-08 * "Investing 40% of cash in VBMPX"
  Assets:US:Vanguard:VBMPX                          9.970 VBMPX {24.07 USD, 2024-07-08}
  Assets:US:Vanguard:Cash                         -239.98 USD                           

2024-07-08 * "Investing 60% of cash in RGAGX"
  Assets:US:Vanguard:RGAGX                          1.927 RGAGX {186.83 USD, 2024-07-08}
  Assets:US:Vanguard:Cash                         -360.02 USD                            

2024-07-19 * "Employer match for contribution"
  Assets:US:Vanguard:Cash                          600.00 USD
  Income:US:BayBook:Match401k                     -600.00 USD

2024-07-22 * "Investing 40% of cash in VBMPX"
  Assets:US:Vanguard:VBMPX                         19.631 VBMPX {24.45 USD, 2024-07-22}
  Assets:US:Vanguard:Cash                         -479.98 USD                           

2024-07-22 * "Investing 60% of cash in RGAGX"
  Assets:US:Vanguard:RGAGX                          3.821 RGAGX {188.43 USD, 2024-07-22}
  Assets:US:Vanguard:Cash                         -719.99 USD                            

2024-07-22 * "Investing 40% of cash in VBMPX"
  Assets:US:Vanguard:VBMPX                          9.815 VBMPX {24.45 USD, 2024-07-22}
  Assets:US:Vanguard:Cash                         -239.98 USD                           

2024-07-22 * "Investing 60% of cash in RGAGX"
  Assets:US:Vanguard:RGAGX                          1.910 RGAGX {188.43 USD, 2024-07-22}
  Assets:US:Vanguard:Cash                         -359.90 USD                            

2024-08-02 * "Employer match for contribution"
  Assets:US:Vanguard:Cash                          250.00 USD
  Income:US:BayBook:Match401k                     -250.00 USD

2024-08-05 * "Investing 40% of cash in VBMPX"
  Assets:US:Vanguard:VBMPX                          8.027 VBMPX {24.92 USD, 2024-08-05}
  Assets:US:Vanguard:Cash                         -200.03 USD                           

2024-08-05 * "Investing 60% of cash in RGAGX"
  Assets:US:Vanguard:RGAGX                          1.582 RGAGX {189.69 USD, 2024-08-05}
  Assets:US:Vanguard:Cash                         -300.09 USD                            

2024-08-05 * "Investing 40% of cash in VBMPX"
  Assets:US:Vanguard:VBMPX                          4.012 VBMPX {24.92 USD, 2024-08-05}
  Assets:US:Vanguard:Cash                          -99.98 USD                           

2024-08-05 * "Investing 60% of cash in RGAGX"
  Assets:US:Vanguard:RGAGX                          0.791 RGAGX {189.69 USD, 2024-08-05}
  Assets:US:Vanguard:Cash                         -150.04 USD                            



* Sources of Income

2022-01-01 open Income:US:BayBook:Salary                      USD
2022-01-01 open Income:US:BayBook:GroupTermLife               USD
2022-01-01 open Income:US:BayBook:Vacation                    VACHR
2022-01-01 open Assets:US:BayBook:Vacation                    VACHR
2022-01-01 open Expenses:Vacation                               VACHR
2022-01-01 open Expenses:Health:Life:GroupTermLife
2022-01-01 open Expenses:Health:Medical:Insurance
2022-01-01 open Expenses:Health:Dental:Insurance
2022-01-01 open Expenses:Health:Vision:Insurance

2022-01-01 event "employer" "BayBook, 1501 Billow Rd, Benlo Park, CA"

2022-01-06 * "BayBook" "Payroll"
  Assets:US:BofA:Checking                         1350.60 USD   
  Assets:US:Vanguard:Cash                         1200.00 USD   
  Income:US:BayBook:Salary                       -4615.38 USD   
  Income:US:BayBook:GroupTermLife                  -24.32 USD   
  Expenses:Health:Life:GroupTermLife                24.32 USD   
  Expenses:Health:Dental:Insurance                   2.90 USD   
  Expenses:Health:Medical:Insurance                 27.38 USD   
  Expenses:Health:Vision:Insurance                  42.30 USD   
  Expenses:Taxes:Y2022:US:Medicare                 106.62 USD   
  Expenses:Taxes:Y2022:US:Federal                 1062.92 USD   
  Expenses:Taxes:Y2022:US:State                    365.08 USD   
  Expenses:Taxes:Y2022:US:CityNYC                  174.92 USD   
  Expenses:Taxes:Y2022:US:SDI                        1.12 USD   
  Expenses:Taxes:Y2022:US:SocSec                   281.54 USD   
  Assets:US:Federal:PreTax401k                   -1200.00 IRAUSD
  Expenses:Taxes:Y2022:US:Federal:PreTax401k      1200.00 IRAUSD
  Assets:US:BayBook:Vacation                            5 VACHR 
  Income:US:BayBook:Vacation                           -5 VACHR 

2022-01-20 * "BayBook" "Payroll"
  Assets:US:BofA:Checking                         1350.60 USD   
  Assets:US:Vanguard:Cash                         1200.00 USD   
  Income:US:BayBook:Salary                       -4615.38 USD   
  Income:US:BayBook:GroupTermLife                  -24.32 USD   
  Expenses:Health:Life:GroupTermLife                24.32 USD   
  Expenses:Health:Dental:Insurance                   2.90 USD   
  Expenses:Health:Medical:Insurance                 27.38 USD   
  Expenses:Health:Vision:Insurance                  42.30 USD   
  Expenses:Taxes:Y2022:US:Medicare                 106.62 USD   
  Expenses:Taxes:Y2022:US:Federal                 1062.92 USD   
  Expenses:Taxes:Y2022:US:State                    365.08 USD   
  Expenses:Taxes:Y2022:US:CityNYC                  174.92 USD   
  Expenses:Taxes:Y2022:US:SDI                        1.12 USD   
  Expenses:Taxes:Y2022:US:SocSec                   281.54 USD   
  Assets:US:Federal:PreTax401k                   -1200.00 IRAUSD
  Expenses:Taxes:Y2022:US:Federal:PreTax401k      1200.00 IRAUSD
  Assets:US:BayBook:Vacation                            5 VACHR 
  Income:US:BayBook:Vacation                           -5 VACHR 

2022-02-03 * "BayBook" "Payroll"
  Assets:US:BofA:Checking                         1350.60 USD   
  Assets:US:Vanguard:Cash                         1200.00 USD   
  Income:US:BayBook:Salary                       -4615.38 USD   
  Income:US:BayBook:GroupTermLife                  -24.32 USD   
  Expenses:Health:Life:GroupTermLife                24.32 USD   
  Expenses:Health:Dental:Insurance                   2.90 USD   
  Expenses:Health:Medical:Insurance                 27.38 USD   
  Expenses:Health:Vision:Insurance                  42.30 USD   
  Expenses:Taxes:Y2022:US:Medicare                 106.62 USD   
  Expenses:Taxes:Y2022:US:Federal                 1062.92 USD   
  Expenses:Taxes:Y2022:US:State                    365.08 USD   
  Expenses:Taxes:Y2022:US:CityNYC                  174.92 USD   
  Expenses:Taxes:Y2022:US:SDI                        1.12 USD   
  Expenses:Taxes:Y2022:US:SocSec                   281.54 USD   
  Assets:US:Federal:PreTax401k                   -1200.00 IRAUSD
  Expenses:Taxes:Y2022:US:Federal:PreTax401k      1200.00 IRAUSD
  Assets:US:BayBook:Vacation                            5 VACHR 
  Income:US:BayBook:Vacation                           -5 VACHR 

2022-02-17 * "BayBook" "Payroll"
  Assets:US:BofA:Checking                         1350.60 USD   
  Assets:US:Vanguard:Cash                         1200.00 USD   
  Income:US:BayBook:Salary                       -4615.38 USD   
  Income:US:BayBook:GroupTermLife                  -24.32 USD   
  Expenses:Health:Life:GroupTermLife                24.32 USD   
  Expenses:Health:Dental:Insurance                   2.90 USD   
  Expenses:Health:Medical:Insurance                 27.38 USD   
  Expenses:Health:Vision:Insurance                  42.30 USD   
  Expenses:Taxes:Y2022:US:Medicare                 106.62 USD   
  Expenses:Taxes:Y2022:US:Federal                 1062.92 USD   
  Expenses:Taxes:Y2022:US:State                    365.08 USD   
  Expenses:Taxes:Y2022:US:CityNYC                  174.92 USD   
  Expenses:Taxes:Y2022:US:SDI                        1.12 USD   
  Expenses:Taxes:Y2022:US:SocSec                   281.54 USD   
  Assets:US:Federal:PreTax401k                   -1200.00 IRAUSD
  Expenses:Taxes:Y2022:US:Federal:PreTax401k      1200.00 IRAUSD
  Assets:US:BayBook:Vacation                            5 VACHR 
  Income:US:BayBook:Vacation                           -5 VACHR 

2022-03-03 * "BayBook" "Payroll"
  Assets:US:BofA:Checking                         1350.60 USD   
  Assets:US:Vanguard:Cash                         1200.00 USD   
  Income:US:BayBook:Salary                       -4615.38 USD   
  Income:US:BayBook:GroupTermLife                  -24.32 USD   
  Expenses:Health:Life:GroupTermLife                24.32 USD   
  Expenses:Health:Dental:Insurance                   2.90 USD   
  Expenses:Health:Medical:Insurance                 27.38 USD   
  Expenses:Health:Vision:Insurance                  42.30 USD   
  Expenses:Taxes:Y2022:US:Medicare                 106.62 USD   
  Expenses:Taxes:Y2022:US:Federal                 1062.92 USD   
  Expenses:Taxes:Y2022:US:State                    365.08 USD   
  Expenses:Taxes:Y2022:US:CityNYC                  174.92 USD   
  Expenses:Taxes:Y2022:US:SDI                        1.12 USD   
  Expenses:Taxes:Y2022:US:SocSec                   281.54 USD   
  Assets:US:Federal:PreTax401k                   -1200.00 IRAUSD
  Expenses:Taxes:Y2022:US:Federal:PreTax401k      1200.00 IRAUSD
  Assets:US:BayBook:Vacation                            5 VACHR 
  Income:US:BayBook:Vacation                           -5 VACHR 

2022-03-17 * "BayBook" "Payroll"
  Assets:US:BofA:Checking                         1350.60 USD   
  Assets:US:Vanguard:Cash                         1200.00 USD   
  Income:US:BayBook:Salary                       -4615.38 USD   
  Income:US:BayBook:GroupTermLife                  -24.32 USD   
  Expenses:Health:Life:GroupTermLife                24.32 USD   
  Expenses:Health:Dental:Insurance                   2.90 USD   
  Expenses:Health:Medical:Insurance                 27.38 USD   
  Expenses:Health:Vision:Insurance                  42.30 USD   
  Expenses:Taxes:Y2022:US:Medicare                 106.62 USD   
  Expenses:Taxes:Y2022:US:Federal                 1062.92 USD   
  Expenses:Taxes:Y2022:US:State                    365.08 USD   
  Expenses:Taxes:Y2022:US:CityNYC                  174.92 USD   
  Expenses:Taxes:Y2022:US:SDI                        1.12 USD   
  Expenses:Taxes:Y2022:US:SocSec                   281.54 USD   
  Assets:US:Federal:PreTax401k                   -1200.00 IRAUSD
  Expenses:Taxes:Y2022:US:Federal:PreTax401k      1200.00 IRAUSD
  Assets:US:BayBook:Vacation                            5 VACHR 
  Income:US:BayBook:Vacation                           -5 VACHR 

2022-03-31 * "BayBook" "Payroll"
  Assets:US:BofA:Checking                         1350.60 USD   
  Assets:US:Vanguard:Cash                         1200.00 USD   
  Income:US:BayBook:Salary                       -4615.38 USD   
  Income:US:BayBook:GroupTermLife                  -24.32 USD   
  Expenses:Health:Life:GroupTermLife                24.32 USD   
  Expenses:Health:Dental:Insurance                   2.90 USD   
  Expenses:Health:Medical:Insurance                 27.38 USD   
  Expenses:Health:Vision:Insurance                  42.30 USD   
  Expenses:Taxes:Y2022:US:Medicare                 106.62 USD   
  Expenses:Taxes:Y2022:US:Federal                 1062.92 USD   
  Expenses:Taxes:Y2022:US:State                    365.08 USD   
  Expenses:Taxes:Y2022:US:CityNYC                  174.92 USD   
  Expenses:Taxes:Y2022:US:SDI                        1.12 USD   
  Expenses:Taxes:Y2022:US:SocSec                   281.54 USD   
  Assets:US:Federal:PreTax401k                   -1200.00 IRAUSD
  Expenses:Taxes:Y2022:US:Federal:PreTax401k      1200.00 IRAUSD
  Assets:US:BayBook:Vacation                            5 VACHR 
  Income:US:BayBook:Vacation                           -5 VACHR 

2022-04-14 * "BayBook" "Payroll"
  Assets:US:BofA:Checking                         1350.60 USD   
  Assets:US:Vanguard:Cash                         1200.00 USD   
  Income:US:BayBook:Salary                       -4615.38 USD   
  Income:US:BayBook:GroupTermLife                  -24.32 USD   
  Expenses:Health:Life:GroupTermLife                24.32 USD   
  Expenses:Health:Dental:Insurance                   2.90 USD   
  Expenses:Health:Medical:Insurance                 27.38 USD   
  Expenses:Health:Vision:Insurance                  42.30 USD   
  Expenses:Taxes:Y2022:US:Medicare                 106.62 USD   
  Expenses:Taxes:Y2022:US:Federal                 1062.92 USD   
  Expenses:Taxes:Y2022:US:State                    365.08 USD   
  Expenses:Taxes:Y2022:US:CityNYC                  174.92 USD   
  Expenses:Taxes:Y2022:US:SDI                        1.12 USD   
  Expenses:Taxes:Y2022:US:SocSec                   281.54 USD   
  Assets:US:Federal:PreTax401k                   -1200.00 IRAUSD
  Expenses:Taxes:Y2022:US:Federal:PreTax401k      1200.00 IRAUSD
  Assets:US:BayBook:Vacation                            5 VACHR 
  Income:US:BayBook:Vacation                           -5 VACHR 

2022-04-28 * "BayBook" "Payroll"
  Assets:US:BofA:Checking                         1350.60 USD   
  Assets:US:Vanguard:Cash                         1200.00 USD   
  Income:US:BayBook:Salary                       -4615.38 USD   
  Income:US:BayBook:GroupTermLife                  -24.32 USD   
  Expenses:Health:Life:GroupTermLife                24.32 USD   
  Expenses:Health:Dental:Insurance                   2.90 USD   
  Expenses:Health:Medical:Insurance                 27.38 USD   
  Expenses:Health:Vision:Insurance                  42.30 USD   
  Expenses:Taxes:Y2022:US:Medicare                 106.62 USD   
  Expenses:Taxes:Y2022:US:Federal                 1062.92 USD   
  Expenses:Taxes:Y2022:US:State                    365.08 USD   
  Expenses:Taxes:Y2022:US:CityNYC                  174.92 USD   
  Expenses:Taxes:Y2022:US:SDI                        1.12 USD   
  Expenses:Taxes:Y2022:US:SocSec                   281.54 USD   
  Assets:US:Federal:PreTax401k                   -1200.00 IRAUSD
  Expenses:Taxes:Y2022:US:Federal:PreTax401k      1200.00 IRAUSD
  Assets:US:BayBook:Vacation                            5 VACHR 
  Income:US:BayBook:Vacation                           -5 VACHR 

2022-05-12 * "BayBook" "Payroll"
  Assets:US:BofA:Checking                         1350.60 USD   
  Assets:US:Vanguard:Cash                         1200.00 USD   
  Income:US:BayBook:Salary                       -4615.38 USD   
  Income:US:BayBook:GroupTermLife                  -24.32 USD   
  Expenses:Health:Life:GroupTermLife                24.32 USD   
  Expenses:Health:Dental:Insurance                   2.90 USD   
  Expenses:Health:Medical:Insurance                 27.38 USD   
  Expenses:Health:Vision:Insurance                  42.30 USD   
  Expenses:Taxes:Y2022:US:Medicare                 106.62 USD   
  Expenses:Taxes:Y2022:US:Federal                 1062.92 USD   
  Expenses:Taxes:Y2022:US:State                    365.08 USD   
  Expenses:Taxes:Y2022:US:CityNYC                  174.92 USD   
  Expenses:Taxes:Y2022:US:SDI                        1.12 USD   
  Expenses:Taxes:Y2022:US:SocSec                   281.54 USD   
  Assets:US:Federal:PreTax401k                   -1200.00 IRAUSD
  Expenses:Taxes:Y2022:US:Federal:PreTax401k      1200.00 IRAUSD
  Assets:US:BayBook:Vacation                            5 VACHR 
  Income:US:BayBook:Vacation                           -5 VACHR 

2022-05-26 * "BayBook" "Payroll"
  Assets:US:BofA:Checking                         1350.60 USD   
  Assets:US:Vanguard:Cash                         1200.00 USD   
  Income:US:BayBook:Salary                       -4615.38 USD   
  Income:US:BayBook:GroupTermLife                  -24.32 USD   
  Expenses:Health:Life:GroupTermLife                24.32 USD   
  Expenses:Health:Dental:Insurance                   2.90 USD   
  Expenses:Health:Medical:Insurance                 27.38 USD   
  Expenses:Health:Vision:Insurance                  42.30 USD   
  Expenses:Taxes:Y2022:US:Medicare                 106.62 USD   
  Expenses:Taxes:Y2022:US:Federal                 1062.92 USD   
  Expenses:Taxes:Y2022:US:State                    365.08 USD   
  Expenses:Taxes:Y2022:US:CityNYC                  174.92 USD   
  Expenses:Taxes:Y2022:US:SDI                        1.12 USD   
  Expenses:Taxes:Y2022:US:SocSec                   281.54 USD   
  Assets:US:Federal:PreTax401k                   -1200.00 IRAUSD
  Expenses:Taxes:Y2022:US:Federal:PreTax401k      1200.00 IRAUSD
  Assets:US:BayBook:Vacation                            5 VACHR 
  Income:US:BayBook:Vacation                           -5 VACHR 

2022-06-09 * "BayBook" "Payroll"
  Assets:US:BofA:Checking                         1350.60 USD   
  Assets:US:Vanguard:Cash                         1200.00 USD   
  Income:US:BayBook:Salary                       -4615.38 USD   
  Income:US:BayBook:GroupTermLife                  -24.32 USD   
  Expenses:Health:Life:GroupTermLife                24.32 USD   
  Expenses:Health:Dental:Insurance                   2.90 USD   
  Expenses:Health:Medical:Insurance                 27.38 USD   
  Expenses:Health:Vision:Insurance                  42.30 USD   
  Expenses:Taxes:Y2022:US:Medicare                 106.62 USD   
  Expenses:Taxes:Y2022:US:Federal                 1062.92 USD   
  Expenses:Taxes:Y2022:US:State                    365.08 USD   
  Expenses:Taxes:Y2022:US:CityNYC                  174.92 USD   
  Expenses:Taxes:Y2022:US:SDI                        1.12 USD   
  Expenses:Taxes:Y2022:US:SocSec                   281.54 USD   
  Assets:US:Federal:PreTax401k                   -1200.00 IRAUSD
  Expenses:Taxes:Y2022:US:Federal:PreTax401k      1200.00 IRAUSD
  Assets:US:BayBook:Vacation                            5 VACHR 
  Income:US:BayBook:Vacation                           -5 VACHR 

2022-06-23 * "BayBook" "Payroll"
  Assets:US:BofA:Checking                         1350.60 USD   
  Assets:US:Vanguard:Cash                         1200.00 USD   
  Income:US:BayBook:Salary                       -4615.38 USD   
  Income:US:BayBook:GroupTermLife                  -24.32 USD   
  Expenses:Health:Life:GroupTermLife                24.32 USD   
  Expenses:Health:Dental:Insurance                   2.90 USD   
  Expenses:Health:Medical:Insurance                 27.38 USD   
  Expenses:Health:Vision:Insurance                  42.30 USD   
  Expenses:Taxes:Y2022:US:Medicare                 106.62 USD   
  Expenses:Taxes:Y2022:US:Federal                 1062.92 USD   
  Expenses:Taxes:Y2022:US:State                    365.08 USD   
  Expenses:Taxes:Y2022:US:CityNYC                  174.92 USD   
  Expenses:Taxes:Y2022:US:SDI                        1.12 USD   
  Expenses:Taxes:Y2022:US:SocSec                   281.54 USD   
  Assets:US:Federal:PreTax401k                   -1200.00 IRAUSD
  Expenses:Taxes:Y2022:US:Federal:PreTax401k      1200.00 IRAUSD
  Assets:US:BayBook:Vacation                            5 VACHR 
  Income:US:BayBook:Vacation                           -5 VACHR 

2022-07-07 * "BayBook" "Payroll"
  Assets:US:BofA:Checking                         1350.60 USD   
  Assets:US:Vanguard:Cash                         1200.00 USD   
  Income:US:BayBook:Salary                       -4615.38 USD   
  Income:US:BayBook:GroupTermLife                  -24.32 USD   
  Expenses:Health:Life:GroupTermLife                24.32 USD   
  Expenses:Health:Dental:Insurance                   2.90 USD   
  Expenses:Health:Medical:Insurance                 27.38 USD   
  Expenses:Health:Vision:Insurance                  42.30 USD   
  Expenses:Taxes:Y2022:US:Medicare                 106.62 USD   
  Expenses:Taxes:Y2022:US:Federal                 1062.92 USD   
  Expenses:Taxes:Y2022:US:State                    365.08 USD   
  Expenses:Taxes:Y2022:US:CityNYC                  174.92 USD   
  Expenses:Taxes:Y2022:US:SDI                        1.12 USD   
  Expenses:Taxes:Y2022:US:SocSec                   281.54 USD   
  Assets:US:Federal:PreTax401k                   -1200.00 IRAUSD
  Expenses:Taxes:Y2022:US:Federal:PreTax401k      1200.00 IRAUSD
  Assets:US:BayBook:Vacation                            5 VACHR 
  Income:US:BayBook:Vacation                           -5 VACHR 

2022-07-21 * "BayBook" "Payroll"
  Assets:US:BofA:Checking                         1350.60 USD   
  Assets:US:Vanguard:Cash                         1200.00 USD   
  Income:US:BayBook:Salary                       -4615.38 USD   
  Income:US:BayBook:GroupTermLife                  -24.32 USD   
  Expenses:Health:Life:GroupTermLife                24.32 USD   
  Expenses:Health:Dental:Insurance                   2.90 USD   
  Expenses:Health:Medical:Insurance                 27.38 USD   
  Expenses:Health:Vision:Insurance                  42.30 USD   
  Expenses:Taxes:Y2022:US:Medicare                 106.62 USD   
  Expenses:Taxes:Y2022:US:Federal                 1062.92 USD   
  Expenses:Taxes:Y2022:US:State                    365.08 USD   
  Expenses:Taxes:Y2022:US:CityNYC                  174.92 USD   
  Expenses:Taxes:Y2022:US:SDI                        1.12 USD   
  Expenses:Taxes:Y2022:US:SocSec                   281.54 USD   
  Assets:US:Federal:PreTax401k                   -1200.00 IRAUSD
  Expenses:Taxes:Y2022:US:Federal:PreTax401k      1200.00 IRAUSD
  Assets:US:BayBook:Vacation                            5 VACHR 
  Income:US:BayBook:Vacation                           -5 VACHR 

2022-08-04 * "BayBook" "Payroll"
  Assets:US:BofA:Checking                         2050.60 USD   
  Assets:US:Vanguard:Cash                          500.00 USD   
  Income:US:BayBook:Salary                       -4615.38 USD   
  Income:US:BayBook:GroupTermLife                  -24.32 USD   
  Expenses:Health:Life:GroupTermLife                24.32 USD   
  Expenses:Health:Dental:Insurance                   2.90 USD   
  Expenses:Health:Medical:Insurance                 27.38 USD   
  Expenses:Health:Vision:Insurance                  42.30 USD   
  Expenses:Taxes:Y2022:US:Medicare                 106.62 USD   
  Expenses:Taxes:Y2022:US:Federal                 1062.92 USD   
  Expenses:Taxes:Y2022:US:State                    365.08 USD   
  Expenses:Taxes:Y2022:US:CityNYC                  174.92 USD   
  Expenses:Taxes:Y2022:US:SDI                        1.12 USD   
  Expenses:Taxes:Y2022:US:SocSec                   281.54 USD   
  Assets:US:Federal:PreTax401k                    -500.00 IRAUSD
  Expenses:Taxes:Y2022:US:Federal:PreTax401k       500.00 IRAUSD
  Assets:US:BayBook:Vacation                            5 VACHR 
  Income:US:BayBook:Vacation                           -5 VACHR 

2022-08-18 * "BayBook" "Payroll"
  Assets:US:BofA:Checking                         2550.60 USD   
  Income:US:BayBook:Salary                       -4615.38 USD   
  Income:US:BayBook:GroupTermLife                  -24.32 USD   
  Expenses:Health:Life:GroupTermLife                24.32 USD   
  Expenses:Health:Dental:Insurance                   2.90 USD   
  Expenses:Health:Medical:Insurance                 27.38 USD   
  Expenses:Health:Vision:Insurance                  42.30 USD   
  Expenses:Taxes:Y2022:US:Medicare                 106.62 USD   
  Expenses:Taxes:Y2022:US:Federal                 1062.92 USD   
  Expenses:Taxes:Y2022:US:State                    365.08 USD   
  Expenses:Taxes:Y2022:US:CityNYC                  174.92 USD   
  Expenses:Taxes:Y2022:US:SDI                        1.12 USD   
  Expenses:Taxes:Y2022:US:SocSec                   281.54 USD   
  Assets:US:Federal:PreTax401k                       0.00 IRAUSD
  Assets:US:BayBook:Vacation                            5 VACHR 
  Income:US:BayBook:Vacation                           -5 VACHR 

2022-09-01 * "BayBook" "Payroll"
  Assets:US:BofA:Checking                         2550.60 USD   
  Income:US:BayBook:Salary                       -4615.38 USD   
  Income:US:BayBook:GroupTermLife                  -24.32 USD   
  Expenses:Health:Life:GroupTermLife                24.32 USD   
  Expenses:Health:Dental:Insurance                   2.90 USD   
  Expenses:Health:Medical:Insurance                 27.38 USD   
  Expenses:Health:Vision:Insurance                  42.30 USD   
  Expenses:Taxes:Y2022:US:Medicare                 106.62 USD   
  Expenses:Taxes:Y2022:US:Federal                 1062.92 USD   
  Expenses:Taxes:Y2022:US:State                    365.08 USD   
  Expenses:Taxes:Y2022:US:CityNYC                  174.92 USD   
  Expenses:Taxes:Y2022:US:SDI                        1.12 USD   
  Expenses:Taxes:Y2022:US:SocSec                   281.54 USD   
  Assets:US:Federal:PreTax401k                       0.00 IRAUSD
  Assets:US:BayBook:Vacation                            5 VACHR 
  Income:US:BayBook:Vacation                           -5 VACHR 

2022-09-15 * "BayBook" "Payroll"
  Assets:US:BofA:Checking                         2550.60 USD   
  Income:US:BayBook:Salary                       -4615.38 USD   
  Income:US:BayBook:GroupTermLife                  -24.32 USD   
  Expenses:Health:Life:GroupTermLife                24.32 USD   
  Expenses:Health:Dental:Insurance                   2.90 USD   
  Expenses:Health:Medical:Insurance                 27.38 USD   
  Expenses:Health:Vision:Insurance                  42.30 USD   
  Expenses:Taxes:Y2022:US:Medicare                 106.62 USD   
  Expenses:Taxes:Y2022:US:Federal                 1062.92 USD   
  Expenses:Taxes:Y2022:US:State                    365.08 USD   
  Expenses:Taxes:Y2022:US:CityNYC                  174.92 USD   
  Expenses:Taxes:Y2022:US:SDI                        1.12 USD   
  Expenses:Taxes:Y2022:US:SocSec                   281.54 USD   
  Assets:US:Federal:PreTax401k                       0.00 IRAUSD
  Assets:US:BayBook:Vacation                            5 VACHR 
  Income:US:BayBook:Vacation                           -5 VACHR 

2022-09-29 * "BayBook" "Payroll"
  Assets:US:BofA:Checking                         2550.60 USD   
  Income:US:BayBook:Salary                       -4615.38 USD   
  Income:US:BayBook:GroupTermLife                  -24.32 USD   
  Expenses:Health:Life:GroupTermLife                24.32 USD   
  Expenses:Health:Dental:Insurance                   2.90 USD   
  Expenses:Health:Medical:Insurance                 27.38 USD   
  Expenses:Health:Vision:Insurance                  42.30 USD   
  Expenses:Taxes:Y2022:US:Medicare                 106.62 USD   
  Expenses:Taxes:Y2022:US:Federal                 1062.92 USD   
  Expenses:Taxes:Y2022:US:State                    365.08 USD   
  Expenses:Taxes:Y2022:US:CityNYC                  174.92 USD   
  Expenses:Taxes:Y2022:US:SDI                        1.12 USD   
  Expenses:Taxes:Y2022:US:SocSec                   281.54 USD   
  Assets:US:Federal:PreTax401k                       0.00 IRAUSD
  Assets:US:BayBook:Vacation                            5 VACHR 
  Income:US:BayBook:Vacation                           -5 VACHR 

2022-10-13 * "BayBook" "Payroll"
  Assets:US:BofA:Checking                         2550.60 USD   
  Income:US:BayBook:Salary                       -4615.38 USD   
  Income:US:BayBook:GroupTermLife                  -24.32 USD   
  Expenses:Health:Life:GroupTermLife                24.32 USD   
  Expenses:Health:Dental:Insurance                   2.90 USD   
  Expenses:Health:Medical:Insurance                 27.38 USD   
  Expenses:Health:Vision:Insurance                  42.30 USD   
  Expenses:Taxes:Y2022:US:Medicare                 106.62 USD   
  Expenses:Taxes:Y2022:US:Federal                 1062.92 USD   
  Expenses:Taxes:Y2022:US:State                    365.08 USD   
  Expenses:Taxes:Y2022:US:CityNYC                  174.92 USD   
  Expenses:Taxes:Y2022:US:SDI                        1.12 USD   
  Expenses:Taxes:Y2022:US:SocSec                   281.54 USD   
  Assets:US:Federal:PreTax401k                       0.00 IRAUSD
  Assets:US:BayBook:Vacation                            5 VACHR 
  Income:US:BayBook:Vacation                           -5 VACHR 

2022-10-27 * "BayBook" "Payroll"
  Assets:US:BofA:Checking                         2550.60 USD   
  Income:US:BayBook:Salary                       -4615.38 USD   
  Income:US:BayBook:GroupTermLife                  -24.32 USD   
  Expenses:Health:Life:GroupTermLife                24.32 USD   
  Expenses:Health:Dental:Insurance                   2.90 USD   
  Expenses:Health:Medical:Insurance                 27.38 USD   
  Expenses:Health:Vision:Insurance                  42.30 USD   
  Expenses:Taxes:Y2022:US:Medicare                 106.62 USD   
  Expenses:Taxes:Y2022:US:Federal                 1062.92 USD   
  Expenses:Taxes:Y2022:US:State                    365.08 USD   
  Expenses:Taxes:Y2022:US:CityNYC                  174.92 USD   
  Expenses:Taxes:Y2022:US:SDI                        1.12 USD   
  Expenses:Taxes:Y2022:US:SocSec                   281.54 USD   
  Assets:US:Federal:PreTax401k                       0.00 IRAUSD
  Assets:US:BayBook:Vacation                            5 VACHR 
  Income:US:BayBook:Vacation                           -5 VACHR 

2022-11-10 * "BayBook" "Payroll"
  Assets:US:BofA:Checking                         2550.60 USD   
  Income:US:BayBook:Salary                       -4615.38 USD   
  Income:US:BayBook:GroupTermLife                  -24.32 USD   
  Expenses:Health:Life:GroupTermLife                24.32 USD   
  Expenses:Health:Dental:Insurance                   2.90 USD   
  Expenses:Health:Medical:Insurance                 27.38 USD   
  Expenses:Health:Vision:Insurance                  42.30 USD   
  Expenses:Taxes:Y2022:US:Medicare                 106.62 USD   
  Expenses:Taxes:Y2022:US:Federal                 1062.92 USD   
  Expenses:Taxes:Y2022:US:State                    365.08 USD   
  Expenses:Taxes:Y2022:US:CityNYC                  174.92 USD   
  Expenses:Taxes:Y2022:US:SDI                        1.12 USD   
  Expenses:Taxes:Y2022:US:SocSec                   281.54 USD   
  Assets:US:Federal:PreTax401k                       0.00 IRAUSD
  Assets:US:BayBook:Vacation                            5 VACHR 
  Income:US:BayBook:Vacation                           -5 VACHR 

2022-11-24 * "BayBook" "Payroll"
  Assets:US:BofA:Checking                         2550.60 USD   
  Income:US:BayBook:Salary                       -4615.38 USD   
  Income:US:BayBook:GroupTermLife                  -24.32 USD   
  Expenses:Health:Life:GroupTermLife                24.32 USD   
  Expenses:Health:Dental:Insurance                   2.90 USD   
  Expenses:Health:Medical:Insurance                 27.38 USD   
  Expenses:Health:Vision:Insurance                  42.30 USD   
  Expenses:Taxes:Y2022:US:Medicare                 106.62 USD   
  Expenses:Taxes:Y2022:US:Federal                 1062.92 USD   
  Expenses:Taxes:Y2022:US:State                    365.08 USD   
  Expenses:Taxes:Y2022:US:CityNYC                  174.92 USD   
  Expenses:Taxes:Y2022:US:SDI                        1.12 USD   
  Expenses:Taxes:Y2022:US:SocSec                   281.54 USD   
  Assets:US:Federal:PreTax401k                       0.00 IRAUSD
  Assets:US:BayBook:Vacation                            5 VACHR 
  Income:US:BayBook:Vacation                           -5 VACHR 

2022-12-08 * "BayBook" "Payroll"
  Assets:US:BofA:Checking                         2589.06 USD   
  Income:US:BayBook:Salary                       -4615.38 USD   
  Income:US:BayBook:GroupTermLife                  -24.32 USD   
  Expenses:Health:Life:GroupTermLife                24.32 USD   
  Expenses:Health:Dental:Insurance                   2.90 USD   
  Expenses:Health:Medical:Insurance                 27.38 USD   
  Expenses:Health:Vision:Insurance                  42.30 USD   
  Expenses:Taxes:Y2022:US:Medicare                 106.62 USD   
  Expenses:Taxes:Y2022:US:Federal                 1062.92 USD   
  Expenses:Taxes:Y2022:US:State                    365.08 USD   
  Expenses:Taxes:Y2022:US:CityNYC                  174.92 USD   
  Expenses:Taxes:Y2022:US:SDI                        1.12 USD   
  Expenses:Taxes:Y2022:US:SocSec                   243.08 USD   
  Assets:US:Federal:PreTax401k                       0.00 IRAUSD
  Assets:US:BayBook:Vacation                            5 VACHR 
  Income:US:BayBook:Vacation                           -5 VACHR 

2022-12-22 * "BayBook" "Payroll"
  Assets:US:BofA:Checking                         2832.14 USD   
  Income:US:BayBook:Salary                       -4615.38 USD   
  Income:US:BayBook:GroupTermLife                  -24.32 USD   
  Expenses:Health:Life:GroupTermLife                24.32 USD   
  Expenses:Health:Dental:Insurance                   2.90 USD   
  Expenses:Health:Medical:Insurance                 27.38 USD   
  Expenses:Health:Vision:Insurance                  42.30 USD   
  Expenses:Taxes:Y2022:US:Medicare                 106.62 USD   
  Expenses:Taxes:Y2022:US:Federal                 1062.92 USD   
  Expenses:Taxes:Y2022:US:State                    365.08 USD   
  Expenses:Taxes:Y2022:US:CityNYC                  174.92 USD   
  Expenses:Taxes:Y2022:US:SDI                        1.12 USD   
  Expenses:Taxes:Y2022:US:SocSec                     0.00 USD   
  Assets:US:Federal:PreTax401k                       0.00 IRAUSD
  Assets:US:BayBook:Vacation                            5 VACHR 
  Income:US:BayBook:Vacation                           -5 VACHR 

2023-01-05 * "BayBook" "Payroll"
  Assets:US:BofA:Checking                         1350.60 USD   
  Assets:US:Vanguard:Cash                         1200.00 USD   
  Income:US:BayBook:Salary                       -4615.38 USD   
  Income:US:BayBook:GroupTermLife                  -24.32 USD   
  Expenses:Health:Life:GroupTermLife                24.32 USD   
  Expenses:Health:Dental:Insurance                   2.90 USD   
  Expenses:Health:Medical:Insurance                 27.38 USD   
  Expenses:Health:Vision:Insurance                  42.30 USD   
  Expenses:Taxes:Y2023:US:Medicare                 106.62 USD   
  Expenses:Taxes:Y2023:US:Federal                 1062.92 USD   
  Expenses:Taxes:Y2023:US:State                    365.08 USD   
  Expenses:Taxes:Y2023:US:CityNYC                  174.92 USD   
  Expenses:Taxes:Y2023:US:SDI                        1.12 USD   
  Expenses:Taxes:Y2023:US:SocSec                   281.54 USD   
  Assets:US:Federal:PreTax401k                   -1200.00 IRAUSD
  Expenses:Taxes:Y2023:US:Federal:PreTax401k      1200.00 IRAUSD
  Assets:US:BayBook:Vacation                            5 VACHR 
  Income:US:BayBook:Vacation                           -5 VACHR 

2023-01-19 * "BayBook" "Payroll"
  Assets:US:BofA:Checking                         1350.60 USD   
  Assets:US:Vanguard:Cash                         1200.00 USD   
  Income:US:BayBook:Salary                       -4615.38 USD   
  Income:US:BayBook:GroupTermLife                  -24.32 USD   
  Expenses:Health:Life:GroupTermLife                24.32 USD   
  Expenses:Health:Dental:Insurance                   2.90 USD   
  Expenses:Health:Medical:Insurance                 27.38 USD   
  Expenses:Health:Vision:Insurance                  42.30 USD   
  Expenses:Taxes:Y2023:US:Medicare                 106.62 USD   
  Expenses:Taxes:Y2023:US:Federal                 1062.92 USD   
  Expenses:Taxes:Y2023:US:State                    365.08 USD   
  Expenses:Taxes:Y2023:US:CityNYC                  174.92 USD   
  Expenses:Taxes:Y2023:US:SDI                        1.12 USD   
  Expenses:Taxes:Y2023:US:SocSec                   281.54 USD   
  Assets:US:Federal:PreTax401k                   -1200.00 IRAUSD
  Expenses:Taxes:Y2023:US:Federal:PreTax401k      1200.00 IRAUSD
  Assets:US:BayBook:Vacation                            5 VACHR 
  Income:US:BayBook:Vacation                           -5 VACHR 

2023-02-02 * "BayBook" "Payroll"
  Assets:US:BofA:Checking                         1350.60 USD   
  Assets:US:Vanguard:Cash                         1200.00 USD   
  Income:US:BayBook:Salary                       -4615.38 USD   
  Income:US:BayBook:GroupTermLife                  -24.32 USD   
  Expenses:Health:Life:GroupTermLife                24.32 USD   
  Expenses:Health:Dental:Insurance                   2.90 USD   
  Expenses:Health:Medical:Insurance                 27.38 USD   
  Expenses:Health:Vision:Insurance                  42.30 USD   
  Expenses:Taxes:Y2023:US:Medicare                 106.62 USD   
  Expenses:Taxes:Y2023:US:Federal                 1062.92 USD   
  Expenses:Taxes:Y2023:US:State                    365.08 USD   
  Expenses:Taxes:Y2023:US:CityNYC                  174.92 USD   
  Expenses:Taxes:Y2023:US:SDI                        1.12 USD   
  Expenses:Taxes:Y2023:US:SocSec                   281.54 USD   
  Assets:US:Federal:PreTax401k                   -1200.00 IRAUSD
  Expenses:Taxes:Y2023:US:Federal:PreTax401k      1200.00 IRAUSD
  Assets:US:BayBook:Vacation                            5 VACHR 
  Income:US:BayBook:Vacation                           -5 VACHR 

2023-02-16 * "BayBook" "Payroll"
  Assets:US:BofA:Checking                         1350.60 USD   
  Assets:US:Vanguard:Cash                         1200.00 USD   
  Income:US:BayBook:Salary                       -4615.38 USD   
  Income:US:BayBook:GroupTermLife                  -24.32 USD   
  Expenses:Health:Life:GroupTermLife                24.32 USD   
  Expenses:Health:Dental:Insurance                   2.90 USD   
  Expenses:Health:Medical:Insurance                 27.38 USD   
  Expenses:Health:Vision:Insurance                  42.30 USD   
  Expenses:Taxes:Y2023:US:Medicare                 106.62 USD   
  Expenses:Taxes:Y2023:US:Federal                 1062.92 USD   
  Expenses:Taxes:Y2023:US:State                    365.08 USD   
  Expenses:Taxes:Y2023:US:CityNYC                  174.92 USD   
  Expenses:Taxes:Y2023:US:SDI                        1.12 USD   
  Expenses:Taxes:Y2023:US:SocSec                   281.54 USD   
  Assets:US:Federal:PreTax401k                   -1200.00 IRAUSD
  Expenses:Taxes:Y2023:US:Federal:PreTax401k      1200.00 IRAUSD
  Assets:US:BayBook:Vacation                            5 VACHR 
  Income:US:BayBook:Vacation                           -5 VACHR 

2023-03-02 * "BayBook" "Payroll"
  Assets:US:BofA:Checking                         1350.60 USD   
  Assets:US:Vanguard:Cash                         1200.00 USD   
  Income:US:BayBook:Salary                       -4615.38 USD   
  Income:US:BayBook:GroupTermLife                  -24.32 USD   
  Expenses:Health:Life:GroupTermLife                24.32 USD   
  Expenses:Health:Dental:Insurance                   2.90 USD   
  Expenses:Health:Medical:Insurance                 27.38 USD   
  Expenses:Health:Vision:Insurance                  42.30 USD   
  Expenses:Taxes:Y2023:US:Medicare                 106.62 USD   
  Expenses:Taxes:Y2023:US:Federal                 1062.92 USD   
  Expenses:Taxes:Y2023:US:State                    365.08 USD   
  Expenses:Taxes:Y2023:US:CityNYC                  174.92 USD   
  Expenses:Taxes:Y2023:US:SDI                        1.12 USD   
  Expenses:Taxes:Y2023:US:SocSec                   281.54 USD   
  Assets:US:Federal:PreTax401k                   -1200.00 IRAUSD
  Expenses:Taxes:Y2023:US:Federal:PreTax401k      1200.00 IRAUSD
  Assets:US:BayBook:Vacation                            5 VACHR 
  Income:US:BayBook:Vacation                           -5 VACHR 

2023-03-16 * "BayBook" "Payroll"
  Assets:US:BofA:Checking                         1350.60 USD   
  Assets:US:Vanguard:Cash                         1200.00 USD   
  Income:US:BayBook:Salary                       -4615.38 USD   
  Income:US:BayBook:GroupTermLife                  -24.32 USD   
  Expenses:Health:Life:GroupTermLife                24.32 USD   
  Expenses:Health:Dental:Insurance                   2.90 USD   
  Expenses:Health:Medical:Insurance                 27.38 USD   
  Expenses:Health:Vision:Insurance                  42.30 USD   
  Expenses:Taxes:Y2023:US:Medicare                 106.62 USD   
  Expenses:Taxes:Y2023:US:Federal                 1062.92 USD   
  Expenses:Taxes:Y2023:US:State                    365.08 USD   
  Expenses:Taxes:Y2023:US:CityNYC                  174.92 USD   
  Expenses:Taxes:Y2023:US:SDI                        1.12 USD   
  Expenses:Taxes:Y2023:US:SocSec                   281.54 USD   
  Assets:US:Federal:PreTax401k                   -1200.00 IRAUSD
  Expenses:Taxes:Y2023:US:Federal:PreTax401k      1200.00 IRAUSD
  Assets:US:BayBook:Vacation                            5 VACHR 
  Income:US:BayBook:Vacation                           -5 VACHR 

2023-03-30 * "BayBook" "Payroll"
  Assets:US:BofA:Checking                         1350.60 USD   
  Assets:US:Vanguard:Cash                         1200.00 USD   
  Income:US:BayBook:Salary                       -4615.38 USD   
  Income:US:BayBook:GroupTermLife                  -24.32 USD   
  Expenses:Health:Life:GroupTermLife                24.32 USD   
  Expenses:Health:Dental:Insurance                   2.90 USD   
  Expenses:Health:Medical:Insurance                 27.38 USD   
  Expenses:Health:Vision:Insurance                  42.30 USD   
  Expenses:Taxes:Y2023:US:Medicare                 106.62 USD   
  Expenses:Taxes:Y2023:US:Federal                 1062.92 USD   
  Expenses:Taxes:Y2023:US:State                    365.08 USD   
  Expenses:Taxes:Y2023:US:CityNYC                  174.92 USD   
  Expenses:Taxes:Y2023:US:SDI                        1.12 USD   
  Expenses:Taxes:Y2023:US:SocSec                   281.54 USD   
  Assets:US:Federal:PreTax401k                   -1200.00 IRAUSD
  Expenses:Taxes:Y2023:US:Federal:PreTax401k      1200.00 IRAUSD
  Assets:US:BayBook:Vacation                            5 VACHR 
  Income:US:BayBook:Vacation                           -5 VACHR 

2023-04-13 * "BayBook" "Payroll"
  Assets:US:BofA:Checking                         1350.60 USD   
  Assets:US:Vanguard:Cash                         1200.00 USD   
  Income:US:BayBook:Salary                       -4615.38 USD   
  Income:US:BayBook:GroupTermLife                  -24.32 USD   
  Expenses:Health:Life:GroupTermLife                24.32 USD   
  Expenses:Health:Dental:Insurance                   2.90 USD   
  Expenses:Health:Medical:Insurance                 27.38 USD   
  Expenses:Health:Vision:Insurance                  42.30 USD   
  Expenses:Taxes:Y2023:US:Medicare                 106.62 USD   
  Expenses:Taxes:Y2023:US:Federal                 1062.92 USD   
  Expenses:Taxes:Y2023:US:State                    365.08 USD   
  Expenses:Taxes:Y2023:US:CityNYC                  174.92 USD   
  Expenses:Taxes:Y2023:US:SDI                        1.12 USD   
  Expenses:Taxes:Y2023:US:SocSec                   281.54 USD   
  Assets:US:Federal:PreTax401k                   -1200.00 IRAUSD
  Expenses:Taxes:Y2023:US:Federal:PreTax401k      1200.00 IRAUSD
  Assets:US:BayBook:Vacation                            5 VACHR 
  Income:US:BayBook:Vacation                           -5 VACHR 

2023-04-27 * "BayBook" "Payroll"
  Assets:US:BofA:Checking                         1350.60 USD   
  Assets:US:Vanguard:Cash                         1200.00 USD   
  Income:US:BayBook:Salary                       -4615.38 USD   
  Income:US:BayBook:GroupTermLife                  -24.32 USD   
  Expenses:Health:Life:GroupTermLife                24.32 USD   
  Expenses:Health:Dental:Insurance                   2.90 USD   
  Expenses:Health:Medical:Insurance                 27.38 USD   
  Expenses:Health:Vision:Insurance                  42.30 USD   
  Expenses:Taxes:Y2023:US:Medicare                 106.62 USD   
  Expenses:Taxes:Y2023:US:Federal                 1062.92 USD   
  Expenses:Taxes:Y2023:US:State                    365.08 USD   
  Expenses:Taxes:Y2023:US:CityNYC                  174.92 USD   
  Expenses:Taxes:Y2023:US:SDI                        1.12 USD   
  Expenses:Taxes:Y2023:US:SocSec                   281.54 USD   
  Assets:US:Federal:PreTax401k                   -1200.00 IRAUSD
  Expenses:Taxes:Y2023:US:Federal:PreTax401k      1200.00 IRAUSD
  Assets:US:BayBook:Vacation                            5 VACHR 
  Income:US:BayBook:Vacation                           -5 VACHR 

2023-05-11 * "BayBook" "Payroll"
  Assets:US:BofA:Checking                         1350.60 USD   
  Assets:US:Vanguard:Cash                         1200.00 USD   
  Income:US:BayBook:Salary                       -4615.38 USD   
  Income:US:BayBook:GroupTermLife                  -24.32 USD   
  Expenses:Health:Life:GroupTermLife                24.32 USD   
  Expenses:Health:Dental:Insurance                   2.90 USD   
  Expenses:Health:Medical:Insurance                 27.38 USD   
  Expenses:Health:Vision:Insurance                  42.30 USD   
  Expenses:Taxes:Y2023:US:Medicare                 106.62 USD   
  Expenses:Taxes:Y2023:US:Federal                 1062.92 USD   
  Expenses:Taxes:Y2023:US:State                    365.08 USD   
  Expenses:Taxes:Y2023:US:CityNYC                  174.92 USD   
  Expenses:Taxes:Y2023:US:SDI                        1.12 USD   
  Expenses:Taxes:Y2023:US:SocSec                   281.54 USD   
  Assets:US:Federal:PreTax401k                   -1200.00 IRAUSD
  Expenses:Taxes:Y2023:US:Federal:PreTax401k      1200.00 IRAUSD
  Assets:US:BayBook:Vacation                            5 VACHR 
  Income:US:BayBook:Vacation                           -5 VACHR 

2023-05-25 * "BayBook" "Payroll"
  Assets:US:BofA:Checking                         1350.60 USD   
  Assets:US:Vanguard:Cash                         1200.00 USD   
  Income:US:BayBook:Salary                       -4615.38 USD   
  Income:US:BayBook:GroupTermLife                  -24.32 USD   
  Expenses:Health:Life:GroupTermLife                24.32 USD   
  Expenses:Health:Dental:Insurance                   2.90 USD   
  Expenses:Health:Medical:Insurance                 27.38 USD   
  Expenses:Health:Vision:Insurance                  42.30 USD   
  Expenses:Taxes:Y2023:US:Medicare                 106.62 USD   
  Expenses:Taxes:Y2023:US:Federal                 1062.92 USD   
  Expenses:Taxes:Y2023:US:State                    365.08 USD   
  Expenses:Taxes:Y2023:US:CityNYC                  174.92 USD   
  Expenses:Taxes:Y2023:US:SDI                        1.12 USD   
  Expenses:Taxes:Y2023:US:SocSec                   281.54 USD   
  Assets:US:Federal:PreTax401k                   -1200.00 IRAUSD
  Expenses:Taxes:Y2023:US:Federal:PreTax401k      1200.00 IRAUSD
  Assets:US:BayBook:Vacation                            5 VACHR 
  Income:US:BayBook:Vacation                           -5 VACHR 

2023-06-08 * "BayBook" "Payroll"
  Assets:US:BofA:Checking                         1350.60 USD   
  Assets:US:Vanguard:Cash                         1200.00 USD   
  Income:US:BayBook:Salary                       -4615.38 USD   
  Income:US:BayBook:GroupTermLife                  -24.32 USD   
  Expenses:Health:Life:GroupTermLife                24.32 USD   
  Expenses:Health:Dental:Insurance                   2.90 USD   
  Expenses:Health:Medical:Insurance                 27.38 USD   
  Expenses:Health:Vision:Insurance                  42.30 USD   
  Expenses:Taxes:Y2023:US:Medicare                 106.62 USD   
  Expenses:Taxes:Y2023:US:Federal                 1062.92 USD   
  Expenses:Taxes:Y2023:US:State                    365.08 USD   
  Expenses:Taxes:Y2023:US:CityNYC                  174.92 USD   
  Expenses:Taxes:Y2023:US:SDI                        1.12 USD   
  Expenses:Taxes:Y2023:US:SocSec                   281.54 USD   
  Assets:US:Federal:PreTax401k                   -1200.00 IRAUSD
  Expenses:Taxes:Y2023:US:Federal:PreTax401k      1200.00 IRAUSD
  Assets:US:BayBook:Vacation                            5 VACHR 
  Income:US:BayBook:Vacation                           -5 VACHR 

2023-06-22 * "BayBook" "Payroll"
  Assets:US:BofA:Checking                         1350.60 USD   
  Assets:US:Vanguard:Cash                         1200.00 USD   
  Income:US:BayBook:Salary                       -4615.38 USD   
  Income:US:BayBook:GroupTermLife                  -24.32 USD   
  Expenses:Health:Life:GroupTermLife                24.32 USD   
  Expenses:Health:Dental:Insurance                   2.90 USD   
  Expenses:Health:Medical:Insurance                 27.38 USD   
  Expenses:Health:Vision:Insurance                  42.30 USD   
  Expenses:Taxes:Y2023:US:Medicare                 106.62 USD   
  Expenses:Taxes:Y2023:US:Federal                 1062.92 USD   
  Expenses:Taxes:Y2023:US:State                    365.08 USD   
  Expenses:Taxes:Y2023:US:CityNYC                  174.92 USD   
  Expenses:Taxes:Y2023:US:SDI                        1.12 USD   
  Expenses:Taxes:Y2023:US:SocSec                   281.54 USD   
  Assets:US:Federal:PreTax401k                   -1200.00 IRAUSD
  Expenses:Taxes:Y2023:US:Federal:PreTax401k      1200.00 IRAUSD
  Assets:US:BayBook:Vacation                            5 VACHR 
  Income:US:BayBook:Vacation                           -5 VACHR 

2023-07-06 * "BayBook" "Payroll"
  Assets:US:BofA:Checking                         1350.60 USD   
  Assets:US:Vanguard:Cash                         1200.00 USD   
  Income:US:BayBook:Salary                       -4615.38 USD   
  Income:US:BayBook:GroupTermLife                  -24.32 USD   
  Expenses:Health:Life:GroupTermLife                24.32 USD   
  Expenses:Health:Dental:Insurance                   2.90 USD   
  Expenses:Health:Medical:Insurance                 27.38 USD   
  Expenses:Health:Vision:Insurance                  42.30 USD   
  Expenses:Taxes:Y2023:US:Medicare                 106.62 USD   
  Expenses:Taxes:Y2023:US:Federal                 1062.92 USD   
  Expenses:Taxes:Y2023:US:State                    365.08 USD   
  Expenses:Taxes:Y2023:US:CityNYC                  174.92 USD   
  Expenses:Taxes:Y2023:US:SDI                        1.12 USD   
  Expenses:Taxes:Y2023:US:SocSec                   281.54 USD   
  Assets:US:Federal:PreTax401k                   -1200.00 IRAUSD
  Expenses:Taxes:Y2023:US:Federal:PreTax401k      1200.00 IRAUSD
  Assets:US:BayBook:Vacation                            5 VACHR 
  Income:US:BayBook:Vacation                           -5 VACHR 

2023-07-20 * "BayBook" "Payroll"
  Assets:US:BofA:Checking                         1350.60 USD   
  Assets:US:Vanguard:Cash                         1200.00 USD   
  Income:US:BayBook:Salary                       -4615.38 USD   
  Income:US:BayBook:GroupTermLife                  -24.32 USD   
  Expenses:Health:Life:GroupTermLife                24.32 USD   
  Expenses:Health:Dental:Insurance                   2.90 USD   
  Expenses:Health:Medical:Insurance                 27.38 USD   
  Expenses:Health:Vision:Insurance                  42.30 USD   
  Expenses:Taxes:Y2023:US:Medicare                 106.62 USD   
  Expenses:Taxes:Y2023:US:Federal                 1062.92 USD   
  Expenses:Taxes:Y2023:US:State                    365.08 USD   
  Expenses:Taxes:Y2023:US:CityNYC                  174.92 USD   
  Expenses:Taxes:Y2023:US:SDI                        1.12 USD   
  Expenses:Taxes:Y2023:US:SocSec                   281.54 USD   
  Assets:US:Federal:PreTax401k                   -1200.00 IRAUSD
  Expenses:Taxes:Y2023:US:Federal:PreTax401k      1200.00 IRAUSD
  Assets:US:BayBook:Vacation                            5 VACHR 
  Income:US:BayBook:Vacation                           -5 VACHR 

2023-08-03 * "BayBook" "Payroll"
  Assets:US:BofA:Checking                         2050.60 USD   
  Assets:US:Vanguard:Cash                          500.00 USD   
  Income:US:BayBook:Salary                       -4615.38 USD   
  Income:US:BayBook:GroupTermLife                  -24.32 USD   
  Expenses:Health:Life:GroupTermLife                24.32 USD   
  Expenses:Health:Dental:Insurance                   2.90 USD   
  Expenses:Health:Medical:Insurance                 27.38 USD   
  Expenses:Health:Vision:Insurance                  42.30 USD   
  Expenses:Taxes:Y2023:US:Medicare                 106.62 USD   
  Expenses:Taxes:Y2023:US:Federal                 1062.92 USD   
  Expenses:Taxes:Y2023:US:State                    365.08 USD   
  Expenses:Taxes:Y2023:US:CityNYC                  174.92 USD   
  Expenses:Taxes:Y2023:US:SDI                        1.12 USD   
  Expenses:Taxes:Y2023:US:SocSec                   281.54 USD   
  Assets:US:Federal:PreTax401k                    -500.00 IRAUSD
  Expenses:Taxes:Y2023:US:Federal:PreTax401k       500.00 IRAUSD
  Assets:US:BayBook:Vacation                            5 VACHR 
  Income:US:BayBook:Vacation                           -5 VACHR 

2023-08-17 * "BayBook" "Payroll"
  Assets:US:BofA:Checking                         2550.60 USD   
  Income:US:BayBook:Salary                       -4615.38 USD   
  Income:US:BayBook:GroupTermLife                  -24.32 USD   
  Expenses:Health:Life:GroupTermLife                24.32 USD   
  Expenses:Health:Dental:Insurance                   2.90 USD   
  Expenses:Health:Medical:Insurance                 27.38 USD   
  Expenses:Health:Vision:Insurance                  42.30 USD   
  Expenses:Taxes:Y2023:US:Medicare                 106.62 USD   
  Expenses:Taxes:Y2023:US:Federal                 1062.92 USD   
  Expenses:Taxes:Y2023:US:State                    365.08 USD   
  Expenses:Taxes:Y2023:US:CityNYC                  174.92 USD   
  Expenses:Taxes:Y2023:US:SDI                        1.12 USD   
  Expenses:Taxes:Y2023:US:SocSec                   281.54 USD   
  Assets:US:Federal:PreTax401k                       0.00 IRAUSD
  Assets:US:BayBook:Vacation                            5 VACHR 
  Income:US:BayBook:Vacation                           -5 VACHR 

2023-08-31 * "BayBook" "Payroll"
  Assets:US:BofA:Checking                         2550.60 USD   
  Income:US:BayBook:Salary                       -4615.38 USD   
  Income:US:BayBook:GroupTermLife                  -24.32 USD   
  Expenses:Health:Life:GroupTermLife                24.32 USD   
  Expenses:Health:Dental:Insurance                   2.90 USD   
  Expenses:Health:Medical:Insurance                 27.38 USD   
  Expenses:Health:Vision:Insurance                  42.30 USD   
  Expenses:Taxes:Y2023:US:Medicare                 106.62 USD   
  Expenses:Taxes:Y2023:US:Federal                 1062.92 USD   
  Expenses:Taxes:Y2023:US:State                    365.08 USD   
  Expenses:Taxes:Y2023:US:CityNYC                  174.92 USD   
  Expenses:Taxes:Y2023:US:SDI                        1.12 USD   
  Expenses:Taxes:Y2023:US:SocSec                   281.54 USD   
  Assets:US:Federal:PreTax401k                       0.00 IRAUSD
  Assets:US:BayBook:Vacation                            5 VACHR 
  Income:US:BayBook:Vacation                           -5 VACHR 

2023-09-14 * "BayBook" "Payroll"
  Assets:US:BofA:Checking                         2550.60 USD   
  Income:US:BayBook:Salary                       -4615.38 USD   
  Income:US:BayBook:GroupTermLife                  -24.32 USD   
  Expenses:Health:Life:GroupTermLife                24.32 USD   
  Expenses:Health:Dental:Insurance                   2.90 USD   
  Expenses:Health:Medical:Insurance                 27.38 USD   
  Expenses:Health:Vision:Insurance                  42.30 USD   
  Expenses:Taxes:Y2023:US:Medicare                 106.62 USD   
  Expenses:Taxes:Y2023:US:Federal                 1062.92 USD   
  Expenses:Taxes:Y2023:US:State                    365.08 USD   
  Expenses:Taxes:Y2023:US:CityNYC                  174.92 USD   
  Expenses:Taxes:Y2023:US:SDI                        1.12 USD   
  Expenses:Taxes:Y2023:US:SocSec                   281.54 USD   
  Assets:US:Federal:PreTax401k                       0.00 IRAUSD
  Assets:US:BayBook:Vacation                            5 VACHR 
  Income:US:BayBook:Vacation                           -5 VACHR 

2023-09-28 * "BayBook" "Payroll"
  Assets:US:BofA:Checking                         2550.60 USD   
  Income:US:BayBook:Salary                       -4615.38 USD   
  Income:US:BayBook:GroupTermLife                  -24.32 USD   
  Expenses:Health:Life:GroupTermLife                24.32 USD   
  Expenses:Health:Dental:Insurance                   2.90 USD   
  Expenses:Health:Medical:Insurance                 27.38 USD   
  Expenses:Health:Vision:Insurance                  42.30 USD   
  Expenses:Taxes:Y2023:US:Medicare                 106.62 USD   
  Expenses:Taxes:Y2023:US:Federal                 1062.92 USD   
  Expenses:Taxes:Y2023:US:State                    365.08 USD   
  Expenses:Taxes:Y2023:US:CityNYC                  174.92 USD   
  Expenses:Taxes:Y2023:US:SDI                        1.12 USD   
  Expenses:Taxes:Y2023:US:SocSec                   281.54 USD   
  Assets:US:Federal:PreTax401k                       0.00 IRAUSD
  Assets:US:BayBook:Vacation                            5 VACHR 
  Income:US:BayBook:Vacation                           -5 VACHR 

2023-10-12 * "BayBook" "Payroll"
  Assets:US:BofA:Checking                         2550.60 USD   
  Income:US:BayBook:Salary                       -4615.38 USD   
  Income:US:BayBook:GroupTermLife                  -24.32 USD   
  Expenses:Health:Life:GroupTermLife                24.32 USD   
  Expenses:Health:Dental:Insurance                   2.90 USD   
  Expenses:Health:Medical:Insurance                 27.38 USD   
  Expenses:Health:Vision:Insurance                  42.30 USD   
  Expenses:Taxes:Y2023:US:Medicare                 106.62 USD   
  Expenses:Taxes:Y2023:US:Federal                 1062.92 USD   
  Expenses:Taxes:Y2023:US:State                    365.08 USD   
  Expenses:Taxes:Y2023:US:CityNYC                  174.92 USD   
  Expenses:Taxes:Y2023:US:SDI                        1.12 USD   
  Expenses:Taxes:Y2023:US:SocSec                   281.54 USD   
  Assets:US:Federal:PreTax401k                       0.00 IRAUSD
  Assets:US:BayBook:Vacation                            5 VACHR 
  Income:US:BayBook:Vacation                           -5 VACHR 

2023-10-26 * "BayBook" "Payroll"
  Assets:US:BofA:Checking                         2550.60 USD   
  Income:US:BayBook:Salary                       -4615.38 USD   
  Income:US:BayBook:GroupTermLife                  -24.32 USD   
  Expenses:Health:Life:GroupTermLife                24.32 USD   
  Expenses:Health:Dental:Insurance                   2.90 USD   
  Expenses:Health:Medical:Insurance                 27.38 USD   
  Expenses:Health:Vision:Insurance                  42.30 USD   
  Expenses:Taxes:Y2023:US:Medicare                 106.62 USD   
  Expenses:Taxes:Y2023:US:Federal                 1062.92 USD   
  Expenses:Taxes:Y2023:US:State                    365.08 USD   
  Expenses:Taxes:Y2023:US:CityNYC                  174.92 USD   
  Expenses:Taxes:Y2023:US:SDI                        1.12 USD   
  Expenses:Taxes:Y2023:US:SocSec                   281.54 USD   
  Assets:US:Federal:PreTax401k                       0.00 IRAUSD
  Assets:US:BayBook:Vacation                            5 VACHR 
  Income:US:BayBook:Vacation                           -5 VACHR 

2023-11-09 * "BayBook" "Payroll"
  Assets:US:BofA:Checking                         2550.60 USD   
  Income:US:BayBook:Salary                       -4615.38 USD   
  Income:US:BayBook:GroupTermLife                  -24.32 USD   
  Expenses:Health:Life:GroupTermLife                24.32 USD   
  Expenses:Health:Dental:Insurance                   2.90 USD   
  Expenses:Health:Medical:Insurance                 27.38 USD   
  Expenses:Health:Vision:Insurance                  42.30 USD   
  Expenses:Taxes:Y2023:US:Medicare                 106.62 USD   
  Expenses:Taxes:Y2023:US:Federal                 1062.92 USD   
  Expenses:Taxes:Y2023:US:State                    365.08 USD   
  Expenses:Taxes:Y2023:US:CityNYC                  174.92 USD   
  Expenses:Taxes:Y2023:US:SDI                        1.12 USD   
  Expenses:Taxes:Y2023:US:SocSec                   281.54 USD   
  Assets:US:Federal:PreTax401k                       0.00 IRAUSD
  Assets:US:BayBook:Vacation                            5 VACHR 
  Income:US:BayBook:Vacation                           -5 VACHR 

2023-11-23 * "BayBook" "Payroll"
  Assets:US:BofA:Checking                         2550.60 USD   
  Income:US:BayBook:Salary                       -4615.38 USD   
  Income:US:BayBook:GroupTermLife                  -24.32 USD   
  Expenses:Health:Life:GroupTermLife                24.32 USD   
  Expenses:Health:Dental:Insurance                   2.90 USD   
  Expenses:Health:Medical:Insurance                 27.38 USD   
  Expenses:Health:Vision:Insurance                  42.30 USD   
  Expenses:Taxes:Y2023:US:Medicare                 106.62 USD   
  Expenses:Taxes:Y2023:US:Federal                 1062.92 USD   
  Expenses:Taxes:Y2023:US:State                    365.08 USD   
  Expenses:Taxes:Y2023:US:CityNYC                  174.92 USD   
  Expenses:Taxes:Y2023:US:SDI                        1.12 USD   
  Expenses:Taxes:Y2023:US:SocSec                   281.54 USD   
  Assets:US:Federal:PreTax401k                       0.00 IRAUSD
  Assets:US:BayBook:Vacation                            5 VACHR 
  Income:US:BayBook:Vacation                           -5 VACHR 

2023-12-07 * "BayBook" "Payroll"
  Assets:US:BofA:Checking                         2589.06 USD   
  Income:US:BayBook:Salary                       -4615.38 USD   
  Income:US:BayBook:GroupTermLife                  -24.32 USD   
  Expenses:Health:Life:GroupTermLife                24.32 USD   
  Expenses:Health:Dental:Insurance                   2.90 USD   
  Expenses:Health:Medical:Insurance                 27.38 USD   
  Expenses:Health:Vision:Insurance                  42.30 USD   
  Expenses:Taxes:Y2023:US:Medicare                 106.62 USD   
  Expenses:Taxes:Y2023:US:Federal                 1062.92 USD   
  Expenses:Taxes:Y2023:US:State                    365.08 USD   
  Expenses:Taxes:Y2023:US:CityNYC                  174.92 USD   
  Expenses:Taxes:Y2023:US:SDI                        1.12 USD   
  Expenses:Taxes:Y2023:US:SocSec                   243.08 USD   
  Assets:US:Federal:PreTax401k                       0.00 IRAUSD
  Assets:US:BayBook:Vacation                            5 VACHR 
  Income:US:BayBook:Vacation                           -5 VACHR 

2023-12-21 * "BayBook" "Payroll"
  Assets:US:BofA:Checking                         2832.14 USD   
  Income:US:BayBook:Salary                       -4615.38 USD   
  Income:US:BayBook:GroupTermLife                  -24.32 USD   
  Expenses:Health:Life:GroupTermLife                24.32 USD   
  Expenses:Health:Dental:Insurance                   2.90 USD   
  Expenses:Health:Medical:Insurance                 27.38 USD   
  Expenses:Health:Vision:Insurance                  42.30 USD   
  Expenses:Taxes:Y2023:US:Medicare                 106.62 USD   
  Expenses:Taxes:Y2023:US:Federal                 1062.92 USD   
  Expenses:Taxes:Y2023:US:State                    365.08 USD   
  Expenses:Taxes:Y2023:US:CityNYC                  174.92 USD   
  Expenses:Taxes:Y2023:US:SDI                        1.12 USD   
  Expenses:Taxes:Y2023:US:SocSec                     0.00 USD   
  Assets:US:Federal:PreTax401k                       0.00 IRAUSD
  Assets:US:BayBook:Vacation                            5 VACHR 
  Income:US:BayBook:Vacation                           -5 VACHR 

2024-01-04 * "BayBook" "Payroll"
  Assets:US:BofA:Checking                         1350.60 USD   
  Assets:US:Vanguard:Cash                         1200.00 USD   
  Income:US:BayBook:Salary                       -4615.38 USD   
  Income:US:BayBook:GroupTermLife                  -24.32 USD   
  Expenses:Health:Life:GroupTermLife                24.32 USD   
  Expenses:Health:Dental:Insurance                   2.90 USD   
  Expenses:Health:Medical:Insurance                 27.38 USD   
  Expenses:Health:Vision:Insurance                  42.30 USD   
  Expenses:Taxes:Y2024:US:Medicare                 106.62 USD   
  Expenses:Taxes:Y2024:US:Federal                 1062.92 USD   
  Expenses:Taxes:Y2024:US:State                    365.08 USD   
  Expenses:Taxes:Y2024:US:CityNYC                  174.92 USD   
  Expenses:Taxes:Y2024:US:SDI                        1.12 USD   
  Expenses:Taxes:Y2024:US:SocSec                   281.54 USD   
  Assets:US:Federal:PreTax401k                   -1200.00 IRAUSD
  Expenses:Taxes:Y2024:US:Federal:PreTax401k      1200.00 IRAUSD
  Assets:US:BayBook:Vacation                            5 VACHR 
  Income:US:BayBook:Vacation                           -5 VACHR 

2024-01-18 * "BayBook" "Payroll"
  Assets:US:BofA:Checking                         1350.60 USD   
  Assets:US:Vanguard:Cash                         1200.00 USD   
  Income:US:BayBook:Salary                       -4615.38 USD   
  Income:US:BayBook:GroupTermLife                  -24.32 USD   
  Expenses:Health:Life:GroupTermLife                24.32 USD   
  Expenses:Health:Dental:Insurance                   2.90 USD   
  Expenses:Health:Medical:Insurance                 27.38 USD   
  Expenses:Health:Vision:Insurance                  42.30 USD   
  Expenses:Taxes:Y2024:US:Medicare                 106.62 USD   
  Expenses:Taxes:Y2024:US:Federal                 1062.92 USD   
  Expenses:Taxes:Y2024:US:State                    365.08 USD   
  Expenses:Taxes:Y2024:US:CityNYC                  174.92 USD   
  Expenses:Taxes:Y2024:US:SDI                        1.12 USD   
  Expenses:Taxes:Y2024:US:SocSec                   281.54 USD   
  Assets:US:Federal:PreTax401k                   -1200.00 IRAUSD
  Expenses:Taxes:Y2024:US:Federal:PreTax401k      1200.00 IRAUSD
  Assets:US:BayBook:Vacation                            5 VACHR 
  Income:US:BayBook:Vacation                           -5 VACHR 

2024-02-01 * "BayBook" "Payroll"
  Assets:US:BofA:Checking                         1350.60 USD   
  Assets:US:Vanguard:Cash                         1200.00 USD   
  Income:US:BayBook:Salary                       -4615.38 USD   
  Income:US:BayBook:GroupTermLife                  -24.32 USD   
  Expenses:Health:Life:GroupTermLife                24.32 USD   
  Expenses:Health:Dental:Insurance                   2.90 USD   
  Expenses:Health:Medical:Insurance                 27.38 USD   
  Expenses:Health:Vision:Insurance                  42.30 USD   
  Expenses:Taxes:Y2024:US:Medicare                 106.62 USD   
  Expenses:Taxes:Y2024:US:Federal                 1062.92 USD   
  Expenses:Taxes:Y2024:US:State                    365.08 USD   
  Expenses:Taxes:Y2024:US:CityNYC                  174.92 USD   
  Expenses:Taxes:Y2024:US:SDI                        1.12 USD   
  Expenses:Taxes:Y2024:US:SocSec                   281.54 USD   
  Assets:US:Federal:PreTax401k                   -1200.00 IRAUSD
  Expenses:Taxes:Y2024:US:Federal:PreTax401k      1200.00 IRAUSD
  Assets:US:BayBook:Vacation                            5 VACHR 
  Income:US:BayBook:Vacation                           -5 VACHR 

2024-02-15 * "BayBook" "Payroll"
  Assets:US:BofA:Checking                         1350.60 USD   
  Assets:US:Vanguard:Cash                         1200.00 USD   
  Income:US:BayBook:Salary                       -4615.38 USD   
  Income:US:BayBook:GroupTermLife                  -24.32 USD   
  Expenses:Health:Life:GroupTermLife                24.32 USD   
  Expenses:Health:Dental:Insurance                   2.90 USD   
  Expenses:Health:Medical:Insurance                 27.38 USD   
  Expenses:Health:Vision:Insurance                  42.30 USD   
  Expenses:Taxes:Y2024:US:Medicare                 106.62 USD   
  Expenses:Taxes:Y2024:US:Federal                 1062.92 USD   
  Expenses:Taxes:Y2024:US:State                    365.08 USD   
  Expenses:Taxes:Y2024:US:CityNYC                  174.92 USD   
  Expenses:Taxes:Y2024:US:SDI                        1.12 USD   
  Expenses:Taxes:Y2024:US:SocSec                   281.54 USD   
  Assets:US:Federal:PreTax401k                   -1200.00 IRAUSD
  Expenses:Taxes:Y2024:US:Federal:PreTax401k      1200.00 IRAUSD
  Assets:US:BayBook:Vacation                            5 VACHR 
  Income:US:BayBook:Vacation                           -5 VACHR 

2024-02-29 * "BayBook" "Payroll"
  Assets:US:BofA:Checking                         1350.60 USD   
  Assets:US:Vanguard:Cash                         1200.00 USD   
  Income:US:BayBook:Salary                       -4615.38 USD   
  Income:US:BayBook:GroupTermLife                  -24.32 USD   
  Expenses:Health:Life:GroupTermLife                24.32 USD   
  Expenses:Health:Dental:Insurance                   2.90 USD   
  Expenses:Health:Medical:Insurance                 27.38 USD   
  Expenses:Health:Vision:Insurance                  42.30 USD   
  Expenses:Taxes:Y2024:US:Medicare                 106.62 USD   
  Expenses:Taxes:Y2024:US:Federal                 1062.92 USD   
  Expenses:Taxes:Y2024:US:State                    365.08 USD   
  Expenses:Taxes:Y2024:US:CityNYC                  174.92 USD   
  Expenses:Taxes:Y2024:US:SDI                        1.12 USD   
  Expenses:Taxes:Y2024:US:SocSec                   281.54 USD   
  Assets:US:Federal:PreTax401k                   -1200.00 IRAUSD
  Expenses:Taxes:Y2024:US:Federal:PreTax401k      1200.00 IRAUSD
  Assets:US:BayBook:Vacation                            5 VACHR 
  Income:US:BayBook:Vacation                           -5 VACHR 

2024-03-14 * "BayBook" "Payroll"
  Assets:US:BofA:Checking                         1350.60 USD   
  Assets:US:Vanguard:Cash                         1200.00 USD   
  Income:US:BayBook:Salary                       -4615.38 USD   
  Income:US:BayBook:GroupTermLife                  -24.32 USD   
  Expenses:Health:Life:GroupTermLife                24.32 USD   
  Expenses:Health:Dental:Insurance                   2.90 USD   
  Expenses:Health:Medical:Insurance                 27.38 USD   
  Expenses:Health:Vision:Insurance                  42.30 USD   
  Expenses:Taxes:Y2024:US:Medicare                 106.62 USD   
  Expenses:Taxes:Y2024:US:Federal                 1062.92 USD   
  Expenses:Taxes:Y2024:US:State                    365.08 USD   
  Expenses:Taxes:Y2024:US:CityNYC                  174.92 USD   
  Expenses:Taxes:Y2024:US:SDI                        1.12 USD   
  Expenses:Taxes:Y2024:US:SocSec                   281.54 USD   
  Assets:US:Federal:PreTax401k                   -1200.00 IRAUSD
  Expenses:Taxes:Y2024:US:Federal:PreTax401k      1200.00 IRAUSD
  Assets:US:BayBook:Vacation                            5 VACHR 
  Income:US:BayBook:Vacation                           -5 VACHR 

2024-03-28 * "BayBook" "Payroll"
  Assets:US:BofA:Checking                         1350.60 USD   
  Assets:US:Vanguard:Cash                         1200.00 USD   
  Income:US:BayBook:Salary                       -4615.38 USD   
  Income:US:BayBook:GroupTermLife                  -24.32 USD   
  Expenses:Health:Life:GroupTermLife                24.32 USD   
  Expenses:Health:Dental:Insurance                   2.90 USD   
  Expenses:Health:Medical:Insurance                 27.38 USD   
  Expenses:Health:Vision:Insurance                  42.30 USD   
  Expenses:Taxes:Y2024:US:Medicare                 106.62 USD   
  Expenses:Taxes:Y2024:US:Federal                 1062.92 USD   
  Expenses:Taxes:Y2024:US:State                    365.08 USD   
  Expenses:Taxes:Y2024:US:CityNYC                  174.92 USD   
  Expenses:Taxes:Y2024:US:SDI                        1.12 USD   
  Expenses:Taxes:Y2024:US:SocSec                   281.54 USD   
  Assets:US:Federal:PreTax401k                   -1200.00 IRAUSD
  Expenses:Taxes:Y2024:US:Federal:PreTax401k      1200.00 IRAUSD
  Assets:US:BayBook:Vacation                            5 VACHR 
  Income:US:BayBook:Vacation                           -5 VACHR 

2024-04-11 * "BayBook" "Payroll"
  Assets:US:BofA:Checking                         1350.60 USD   
  Assets:US:Vanguard:Cash                         1200.00 USD   
  Income:US:BayBook:Salary                       -4615.38 USD   
  Income:US:BayBook:GroupTermLife                  -24.32 USD   
  Expenses:Health:Life:GroupTermLife                24.32 USD   
  Expenses:Health:Dental:Insurance                   2.90 USD   
  Expenses:Health:Medical:Insurance                 27.38 USD   
  Expenses:Health:Vision:Insurance                  42.30 USD   
  Expenses:Taxes:Y2024:US:Medicare                 106.62 USD   
  Expenses:Taxes:Y2024:US:Federal                 1062.92 USD   
  Expenses:Taxes:Y2024:US:State                    365.08 USD   
  Expenses:Taxes:Y2024:US:CityNYC                  174.92 USD   
  Expenses:Taxes:Y2024:US:SDI                        1.12 USD   
  Expenses:Taxes:Y2024:US:SocSec                   281.54 USD   
  Assets:US:Federal:PreTax401k                   -1200.00 IRAUSD
  Expenses:Taxes:Y2024:US:Federal:PreTax401k      1200.00 IRAUSD
  Assets:US:BayBook:Vacation                            5 VACHR 
  Income:US:BayBook:Vacation                           -5 VACHR 

2024-04-25 * "BayBook" "Payroll"
  Assets:US:BofA:Checking                         1350.60 USD   
  Assets:US:Vanguard:Cash                         1200.00 USD   
  Income:US:BayBook:Salary                       -4615.38 USD   
  Income:US:BayBook:GroupTermLife                  -24.32 USD   
  Expenses:Health:Life:GroupTermLife                24.32 USD   
  Expenses:Health:Dental:Insurance                   2.90 USD   
  Expenses:Health:Medical:Insurance                 27.38 USD   
  Expenses:Health:Vision:Insurance                  42.30 USD   
  Expenses:Taxes:Y2024:US:Medicare                 106.62 USD   
  Expenses:Taxes:Y2024:US:Federal                 1062.92 USD   
  Expenses:Taxes:Y2024:US:State                    365.08 USD   
  Expenses:Taxes:Y2024:US:CityNYC                  174.92 USD   
  Expenses:Taxes:Y2024:US:SDI                        1.12 USD   
  Expenses:Taxes:Y2024:US:SocSec                   281.54 USD   
  Assets:US:Federal:PreTax401k                   -1200.00 IRAUSD
  Expenses:Taxes:Y2024:US:Federal:PreTax401k      1200.00 IRAUSD
  Assets:US:BayBook:Vacation                            5 VACHR 
  Income:US:BayBook:Vacation                           -5 VACHR 

2024-05-09 * "BayBook" "Payroll"
  Assets:US:BofA:Checking                         1350.60 USD   
  Assets:US:Vanguard:Cash                         1200.00 USD   
  Income:US:BayBook:Salary                       -4615.38 USD   
  Income:US:BayBook:GroupTermLife                  -24.32 USD   
  Expenses:Health:Life:GroupTermLife                24.32 USD   
  Expenses:Health:Dental:Insurance                   2.90 USD   
  Expenses:Health:Medical:Insurance                 27.38 USD   
  Expenses:Health:Vision:Insurance                  42.30 USD   
  Expenses:Taxes:Y2024:US:Medicare                 106.62 USD   
  Expenses:Taxes:Y2024:US:Federal                 1062.92 USD   
  Expenses:Taxes:Y2024:US:State                    365.08 USD   
  Expenses:Taxes:Y2024:US:CityNYC                  174.92 USD   
  Expenses:Taxes:Y2024:US:SDI                        1.12 USD   
  Expenses:Taxes:Y2024:US:SocSec                   281.54 USD   
  Assets:US:Federal:PreTax401k                   -1200.00 IRAUSD
  Expenses:Taxes:Y2024:US:Federal:PreTax401k      1200.00 IRAUSD
  Assets:US:BayBook:Vacation                            5 VACHR 
  Income:US:BayBook:Vacation                           -5 VACHR 

2024-05-23 * "BayBook" "Payroll"
  Assets:US:BofA:Checking                         1350.60 USD   
  Assets:US:Vanguard:Cash                         1200.00 USD   
  Income:US:BayBook:Salary                       -4615.38 USD   
  Income:US:BayBook:GroupTermLife                  -24.32 USD   
  Expenses:Health:Life:GroupTermLife                24.32 USD   
  Expenses:Health:Dental:Insurance                   2.90 USD   
  Expenses:Health:Medical:Insurance                 27.38 USD   
  Expenses:Health:Vision:Insurance                  42.30 USD   
  Expenses:Taxes:Y2024:US:Medicare                 106.62 USD   
  Expenses:Taxes:Y2024:US:Federal                 1062.92 USD   
  Expenses:Taxes:Y2024:US:State                    365.08 USD   
  Expenses:Taxes:Y2024:US:CityNYC                  174.92 USD   
  Expenses:Taxes:Y2024:US:SDI                        1.12 USD   
  Expenses:Taxes:Y2024:US:SocSec                   281.54 USD   
  Assets:US:Federal:PreTax401k                   -1200.00 IRAUSD
  Expenses:Taxes:Y2024:US:Federal:PreTax401k      1200.00 IRAUSD
  Assets:US:BayBook:Vacation                            5 VACHR 
  Income:US:BayBook:Vacation                           -5 VACHR 

2024-06-06 * "BayBook" "Payroll"
  Assets:US:BofA:Checking                         1350.60 USD   
  Assets:US:Vanguard:Cash                         1200.00 USD   
  Income:US:BayBook:Salary                       -4615.38 USD   
  Income:US:BayBook:GroupTermLife                  -24.32 USD   
  Expenses:Health:Life:GroupTermLife                24.32 USD   
  Expenses:Health:Dental:Insurance                   2.90 USD   
  Expenses:Health:Medical:Insurance                 27.38 USD   
  Expenses:Health:Vision:Insurance                  42.30 USD   
  Expenses:Taxes:Y2024:US:Medicare                 106.62 USD   
  Expenses:Taxes:Y2024:US:Federal                 1062.92 USD   
  Expenses:Taxes:Y2024:US:State                    365.08 USD   
  Expenses:Taxes:Y2024:US:CityNYC                  174.92 USD   
  Expenses:Taxes:Y2024:US:SDI                        1.12 USD   
  Expenses:Taxes:Y2024:US:SocSec                   281.54 USD   
  Assets:US:Federal:PreTax401k                   -1200.00 IRAUSD
  Expenses:Taxes:Y2024:US:Federal:PreTax401k      1200.00 IRAUSD
  Assets:US:BayBook:Vacation                            5 VACHR 
  Income:US:BayBook:Vacation                           -5 VACHR 

2024-06-20 * "BayBook" "Payroll"
  Assets:US:BofA:Checking                         1350.60 USD   
  Assets:US:Vanguard:Cash                         1200.00 USD   
  Income:US:BayBook:Salary                       -4615.38 USD   
  Income:US:BayBook:GroupTermLife                  -24.32 USD   
  Expenses:Health:Life:GroupTermLife                24.32 USD   
  Expenses:Health:Dental:Insurance                   2.90 USD   
  Expenses:Health:Medical:Insurance                 27.38 USD   
  Expenses:Health:Vision:Insurance                  42.30 USD   
  Expenses:Taxes:Y2024:US:Medicare                 106.62 USD   
  Expenses:Taxes:Y2024:US:Federal                 1062.92 USD   
  Expenses:Taxes:Y2024:US:State                    365.08 USD   
  Expenses:Taxes:Y2024:US:CityNYC                  174.92 USD   
  Expenses:Taxes:Y2024:US:SDI                        1.12 USD   
  Expenses:Taxes:Y2024:US:SocSec                   281.54 USD   
  Assets:US:Federal:PreTax401k                   -1200.00 IRAUSD
  Expenses:Taxes:Y2024:US:Federal:PreTax401k      1200.00 IRAUSD
  Assets:US:BayBook:Vacation                            5 VACHR 
  Income:US:BayBook:Vacation                           -5 VACHR 

2024-07-04 * "BayBook" "Payroll"
  Assets:US:BofA:Checking                         1350.60 USD   
  Assets:US:Vanguard:Cash                         1200.00 USD   
  Income:US:BayBook:Salary                       -4615.38 USD   
  Income:US:BayBook:GroupTermLife                  -24.32 USD   
  Expenses:Health:Life:GroupTermLife                24.32 USD   
  Expenses:Health:Dental:Insurance                   2.90 USD   
  Expenses:Health:Medical:Insurance                 27.38 USD   
  Expenses:Health:Vision:Insurance                  42.30 USD   
  Expenses:Taxes:Y2024:US:Medicare                 106.62 USD   
  Expenses:Taxes:Y2024:US:Federal                 1062.92 USD   
  Expenses:Taxes:Y2024:US:State                    365.08 USD   
  Expenses:Taxes:Y2024:US:CityNYC                  174.92 USD   
  Expenses:Taxes:Y2024:US:SDI                        1.12 USD   
  Expenses:Taxes:Y2024:US:SocSec                   281.54 USD   
  Assets:US:Federal:PreTax401k                   -1200.00 IRAUSD
  Expenses:Taxes:Y2024:US:Federal:PreTax401k      1200.00 IRAUSD
  Assets:US:BayBook:Vacation                            5 VACHR 
  Income:US:BayBook:Vacation                           -5 VACHR 

2024-07-18 * "BayBook" "Payroll"
  Assets:US:BofA:Checking                         1350.60 USD   
  Assets:US:Vanguard:Cash                         1200.00 USD   
  Income:US:BayBook:Salary                       -4615.38 USD   
  Income:US:BayBook:GroupTermLife                  -24.32 USD   
  Expenses:Health:Life:GroupTermLife                24.32 USD   
  Expenses:Health:Dental:Insurance                   2.90 USD   
  Expenses:Health:Medical:Insurance                 27.38 USD   
  Expenses:Health:Vision:Insurance                  42.30 USD   
  Expenses:Taxes:Y2024:US:Medicare                 106.62 USD   
  Expenses:Taxes:Y2024:US:Federal                 1062.92 USD   
  Expenses:Taxes:Y2024:US:State                    365.08 USD   
  Expenses:Taxes:Y2024:US:CityNYC                  174.92 USD   
  Expenses:Taxes:Y2024:US:SDI                        1.12 USD   
  Expenses:Taxes:Y2024:US:SocSec                   281.54 USD   
  Assets:US:Federal:PreTax401k                   -1200.00 IRAUSD
  Expenses:Taxes:Y2024:US:Federal:PreTax401k      1200.00 IRAUSD
  Assets:US:BayBook:Vacation                            5 VACHR 
  Income:US:BayBook:Vacation                           -5 VACHR 

2024-08-01 * "BayBook" "Payroll"
  Assets:US:BofA:Checking                         2050.60 USD   
  Assets:US:Vanguard:Cash                          500.00 USD   
  Income:US:BayBook:Salary                       -4615.38 USD   
  Income:US:BayBook:GroupTermLife                  -24.32 USD   
  Expenses:Health:Life:GroupTermLife                24.32 USD   
  Expenses:Health:Dental:Insurance                   2.90 USD   
  Expenses:Health:Medical:Insurance                 27.38 USD   
  Expenses:Health:Vision:Insurance                  42.30 USD   
  Expenses:Taxes:Y2024:US:Medicare                 106.62 USD   
  Expenses:Taxes:Y2024:US:Federal                 1062.92 USD   
  Expenses:Taxes:Y2024:US:State                    365.08 USD   
  Expenses:Taxes:Y2024:US:CityNYC                  174.92 USD   
  Expenses:Taxes:Y2024:US:SDI                        1.12 USD   
  Expenses:Taxes:Y2024:US:SocSec                   281.54 USD   
  Assets:US:Federal:PreTax401k                    -500.00 IRAUSD
  Expenses:Taxes:Y2024:US:Federal:PreTax401k       500.00 IRAUSD
  Assets:US:BayBook:Vacation                            5 VACHR 
  Income:US:BayBook:Vacation                           -5 VACHR 

2024-08-15 * "BayBook" "Payroll"
  Assets:US:BofA:Checking                         2550.60 USD   
  Income:US:BayBook:Salary                       -4615.38 USD   
  Income:US:BayBook:GroupTermLife                  -24.32 USD   
  Expenses:Health:Life:GroupTermLife                24.32 USD   
  Expenses:Health:Dental:Insurance                   2.90 USD   
  Expenses:Health:Medical:Insurance                 27.38 USD   
  Expenses:Health:Vision:Insurance                  42.30 USD   
  Expenses:Taxes:Y2024:US:Medicare                 106.62 USD   
  Expenses:Taxes:Y2024:US:Federal                 1062.92 USD   
  Expenses:Taxes:Y2024:US:State                    365.08 USD   
  Expenses:Taxes:Y2024:US:CityNYC                  174.92 USD   
  Expenses:Taxes:Y2024:US:SDI                        1.12 USD   
  Expenses:Taxes:Y2024:US:SocSec                   281.54 USD   
  Assets:US:Federal:PreTax401k                       0.00 IRAUSD
  Assets:US:BayBook:Vacation                            5 VACHR 
  Income:US:BayBook:Vacation                           -5 VACHR 

2024-08-29 * "BayBook" "Payroll"
  Assets:US:BofA:Checking                         2550.60 USD   
  Income:US:BayBook:Salary                       -4615.38 USD   
  Income:US:BayBook:GroupTermLife                  -24.32 USD   
  Expenses:Health:Life:GroupTermLife                24.32 USD   
  Expenses:Health:Dental:Insurance                   2.90 USD   
  Expenses:Health:Medical:Insurance                 27.38 USD   
  Expenses:Health:Vision:Insurance                  42.30 USD   
  Expenses:Taxes:Y2024:US:Medicare                 106.62 USD   
  Expenses:Taxes:Y2024:US:Federal                 1062.92 USD   
  Expenses:Taxes:Y2024:US:State                    365.08 USD   
  Expenses:Taxes:Y2024:US:CityNYC                  174.92 USD   
  Expenses:Taxes:Y2024:US:SDI                        1.12 USD   
  Expenses:Taxes:Y2024:US:SocSec                   281.54 USD   
  Assets:US:Federal:PreTax401k                       0.00 IRAUSD
  Assets:US:BayBook:Vacation                            5 VACHR 
  Income:US:BayBook:Vacation                           -5 VACHR 

2024-09-12 * "BayBook" "Payroll"
  Assets:US:BofA:Checking                         2550.60 USD   
  Income:US:BayBook:Salary                       -4615.38 USD   
  Income:US:BayBook:GroupTermLife                  -24.32 USD   
  Expenses:Health:Life:GroupTermLife                24.32 USD   
  Expenses:Health:Dental:Insurance                   2.90 USD   
  Expenses:Health:Medical:Insurance                 27.38 USD   
  Expenses:Health:Vision:Insurance                  42.30 USD   
  Expenses:Taxes:Y2024:US:Medicare                 106.62 USD   
  Expenses:Taxes:Y2024:US:Federal                 1062.92 USD   
  Expenses:Taxes:Y2024:US:State                    365.08 USD   
  Expenses:Taxes:Y2024:US:CityNYC                  174.92 USD   
  Expenses:Taxes:Y2024:US:SDI                        1.12 USD   
  Expenses:Taxes:Y2024:US:SocSec                   281.54 USD   
  Assets:US:Federal:PreTax401k                       0.00 IRAUSD
  Assets:US:BayBook:Vacation                            5 VACHR 
  Income:US:BayBook:Vacation                           -5 VACHR 

2024-09-26 * "BayBook" "Payroll"
  Assets:US:BofA:Checking                         2550.60 USD   
  Income:US:BayBook:Salary                       -4615.38 USD   
  Income:US:BayBook:GroupTermLife                  -24.32 USD   
  Expenses:Health:Life:GroupTermLife                24.32 USD   
  Expenses:Health:Dental:Insurance                   2.90 USD   
  Expenses:Health:Medical:Insurance                 27.38 USD   
  Expenses:Health:Vision:Insurance                  42.30 USD   
  Expenses:Taxes:Y2024:US:Medicare                 106.62 USD   
  Expenses:Taxes:Y2024:US:Federal                 1062.92 USD   
  Expenses:Taxes:Y2024:US:State                    365.08 USD   
  Expenses:Taxes:Y2024:US:CityNYC                  174.92 USD   
  Expenses:Taxes:Y2024:US:SDI                        1.12 USD   
  Expenses:Taxes:Y2024:US:SocSec                   281.54 USD   
  Assets:US:Federal:PreTax401k                       0.00 IRAUSD
  Assets:US:BayBook:Vacation                            5 VACHR 
  Income:US:BayBook:Vacation                           -5 VACHR 



* Taxes

1980-05-12 open Income:US:Federal:PreTax401k                    IRAUSD
1980-05-12 open Assets:US:Federal:PreTax401k                    IRAUSD



** Tax Year 2022

2022-01-01 open Expenses:Taxes:Y2022:US:Federal:PreTax401k      IRAUSD
2022-01-01 open Expenses:Taxes:Y2022:US:Medicare                USD
2022-01-01 open Expenses:Taxes:Y2022:US:Federal                 USD
2022-01-01 open Expenses:Taxes:Y2022:US:CityNYC                 USD
2022-01-01 open Expenses:Taxes:Y2022:US:SDI                     USD
2022-01-01 open Expenses:Taxes:Y2022:US:State                   USD
2022-01-01 open Expenses:Taxes:Y2022:US:SocSec                  USD

2022-01-01 balance Assets:US:Federal:PreTax401k         0 IRAUSD

2022-01-01 * "Allowed contributions for one year"
  Income:US:Federal:PreTax401k                     -18500 IRAUSD
  Assets:US:Federal:PreTax401k                      18500 IRAUSD

2023-03-21 * "Filing taxes for 2022"
  Expenses:Taxes:Y2022:US:Federal                  402.33 USD
  Expenses:Taxes:Y2022:US:State                    333.92 USD
  Liabilities:AccountsPayable                     -736.25 USD

2023-03-22 * "FEDERAL TAXPYMT"
  Assets:US:BofA:Checking                         -402.33 USD
  Liabilities:AccountsPayable                      402.33 USD

2023-03-22 * "STATE TAX & FINANC PYMT"
  Assets:US:BofA:Checking                         -333.92 USD
  Liabilities:AccountsPayable                      333.92 USD



** Tax Year 2023

2023-01-01 open Expenses:Taxes:Y2023:US:Federal:PreTax401k      IRAUSD
2023-01-01 open Expenses:Taxes:Y2023:US:Medicare                USD
2023-01-01 open Expenses:Taxes:Y2023:US:Federal                 USD
2023-01-01 open Expenses:Taxes:Y2023:US:CityNYC                 USD
2023-01-01 open Expenses:Taxes:Y2023:US:SDI                     USD
2023-01-01 open Expenses:Taxes:Y2023:US:State                   USD
2023-01-01 open Expenses:Taxes:Y2023:US:SocSec                  USD

2023-01-01 balance Assets:US:Federal:PreTax401k         0 IRAUSD

2023-01-01 * "Allowed contributions for one year"
  Income:US:Federal:PreTax401k                     -18500 IRAUSD
  Assets:US:Federal:PreTax401k                      18500 IRAUSD

2024-03-22 * "Filing taxes for 2023"
  Expenses:Taxes:Y2023:US:Federal                  308.93 USD
  Expenses:Taxes:Y2023:US:State                    309.32 USD
  Liabilities:AccountsPayable                     -618.25 USD

2024-03-22 * "STATE TAX & FINANC PYMT"
  Assets:US:BofA:Checking                         -309.32 USD
  Liabilities:AccountsPayable                      309.32 USD

2024-03-23 * "FEDERAL TAXPYMT"
  Assets:US:BofA:Checking                         -308.93 USD
  Liabilities:AccountsPayable                      308.93 USD



** Tax Year 2024

2024-01-01 open Expenses:Taxes:Y2024:US:Federal:PreTax401k      IRAUSD
2024-01-01 open Expenses:Taxes:Y2024:US:Medicare                USD
2024-01-01 open Expenses:Taxes:Y2024:US:Federal                 USD
2024-01-01 open Expenses:Taxes:Y2024:US:CityNYC                 USD
2024-01-01 open Expenses:Taxes:Y2024:US:SDI                     USD
2024-01-01 open Expenses:Taxes:Y2024:US:State                   USD
2024-01-01 open Expenses:Taxes:Y2024:US:SocSec                  USD

2024-01-01 balance Assets:US:Federal:PreTax401k         0 IRAUSD

2024-01-01 * "Allowed contributions for one year"
  Income:US:Federal:PreTax401k                     -18500 IRAUSD
  Assets:US:Federal:PreTax401k                      18500 IRAUSD



* Expenses

1980-05-12 open Expenses:Food:Groceries
1980-05-12 open Expenses:Food:Restaurant
1980-05-12 open Expenses:Food:Coffee
1980-05-12 open Expenses:Food:Alcohol
1980-05-12 open Expenses:Transport:Tram
1980-05-12 open Expenses:Home:Rent
1980-05-12 open Expenses:Home:Electricity
1980-05-12 open Expenses:Home:Internet
1980-05-12 open Expenses:Home:Phone
1980-05-12 open Expenses:Financial:Fees
1980-05-12 open Expenses:Financial:Commissions



* Prices

2022-01-07 price VBMPX                              30.44 USD
2022-01-07 price RGAGX                             165.92 USD
2022-01-07 price ITOT                               98.58 USD
2022-01-07 price VEA                               149.70 USD
2022-01-07 price VHT                               160.72 USD
2022-01-07 price GLD                                36.86 USD
2022-01-14 price VBMPX                              30.54 USD
2022-01-14 price RGAGX                             164.42 USD
2022-01-14 price ITOT                               96.15 USD
2022-01-14 price VEA                               150.68 USD
2022-01-14 price VHT                               157.78 USD
2022-01-14 price GLD                                36.86 USD
2022-01-21 price VBMPX                              30.33 USD
2022-01-21 price RGAGX                             165.79 USD
2022-01-21 price ITOT                               96.19 USD
2022-01-21 price VEA                               151.28 USD
2022-01-21 price VHT                               158.45 USD
2022-01-21 price GLD                                36.97 USD
2022-01-28 price VBMPX                              29.44 USD
2022-01-28 price RGAGX                             167.06 USD
2022-01-28 price ITOT                               99.44 USD
2022-01-28 price VEA                               150.60 USD
2022-01-28 price VHT                               160.05 USD
2022-01-28 price GLD                                37.30 USD
2022-02-04 price VBMPX                              29.91 USD
2022-02-04 price RGAGX                             167.97 USD
2022-02-04 price ITOT                              100.29 USD
2022-02-04 price VEA                               151.09 USD
2022-02-04 price VHT                               160.18 USD
2022-02-04 price GLD                                37.41 USD
2022-02-11 price VBMPX                              30.37 USD
2022-02-11 price RGAGX                             168.67 USD
2022-02-11 price ITOT                              102.36 USD
2022-02-11 price VEA                               152.15 USD
2022-02-11 price VHT                               159.55 USD
2022-02-11 price GLD                                37.45 USD
2022-02-18 price VBMPX                              30.12 USD
2022-02-18 price RGAGX                             168.69 USD
2022-02-18 price ITOT                              102.66 USD
2022-02-18 price VEA                               151.01 USD
2022-02-18 price VHT                               159.35 USD
2022-02-18 price GLD                                37.15 USD
2022-02-25 price VBMPX                              30.29 USD
2022-02-25 price RGAGX                             170.31 USD
2022-02-25 price ITOT                              102.85 USD
2022-02-25 price VEA                               150.36 USD
2022-02-25 price VHT                               160.45 USD
2022-02-25 price GLD                                37.25 USD
2022-03-04 price VBMPX                              30.57 USD
2022-03-04 price RGAGX                             173.31 USD
2022-03-04 price ITOT                               99.97 USD
2022-03-04 price VEA                               149.03 USD
2022-03-04 price VHT                               159.48 USD
2022-03-04 price GLD                                36.85 USD
2022-03-11 price VBMPX                              30.72 USD
2022-03-11 price RGAGX                             174.41 USD
2022-03-11 price ITOT                              100.87 USD
2022-03-11 price VEA                               150.61 USD
2022-03-11 price VHT                               160.86 USD
2022-03-11 price GLD                                37.52 USD
2022-03-18 price VBMPX                              30.82 USD
2022-03-18 price RGAGX                             173.83 USD
2022-03-18 price ITOT                              102.19 USD
2022-03-18 price VEA                               150.38 USD
2022-03-18 price VHT                               163.16 USD
2022-03-18 price GLD                                37.62 USD
2022-03-25 price VBMPX                              30.87 USD
2022-03-25 price RGAGX                             174.66 USD
2022-03-25 price ITOT                               99.06 USD
2022-03-25 price VEA                               153.60 USD
2022-03-25 price VHT                               166.02 USD
2022-03-25 price GLD                                37.61 USD
2022-04-01 price VBMPX                              29.72 USD
2022-04-01 price RGAGX                             175.78 USD
2022-04-01 price ITOT                               96.20 USD
2022-04-01 price VEA                               156.14 USD
2022-04-01 price VHT                               167.42 USD
2022-04-01 price GLD                                37.45 USD
2022-04-08 price VBMPX                              29.66 USD
2022-04-08 price RGAGX                             175.20 USD
2022-04-08 price ITOT                               96.97 USD
2022-04-08 price VEA                               155.43 USD
2022-04-08 price VHT                               169.16 USD
2022-04-08 price GLD                                36.80 USD
2022-04-15 price VBMPX                              28.78 USD
2022-04-15 price RGAGX                             172.07 USD
2022-04-15 price ITOT                               99.82 USD
2022-04-15 price VEA                               155.38 USD
2022-04-15 price VHT                               169.96 USD
2022-04-15 price GLD                                36.78 USD
2022-04-22 price VBMPX                              29.31 USD
2022-04-22 price RGAGX                             171.45 USD
2022-04-22 price ITOT                               96.51 USD
2022-04-22 price VEA                               157.69 USD
2022-04-22 price VHT                               168.12 USD
2022-04-22 price GLD                                36.87 USD
2022-04-29 price VBMPX                              29.90 USD
2022-04-29 price RGAGX                             172.20 USD
2022-04-29 price ITOT                               97.38 USD
2022-04-29 price VEA                               159.02 USD
2022-04-29 price VHT                               169.32 USD
2022-04-29 price GLD                                37.03 USD
2022-05-06 price VBMPX                              29.38 USD
2022-05-06 price RGAGX                             174.37 USD
2022-05-06 price ITOT                               99.45 USD
2022-05-06 price VEA                               158.10 USD
2022-05-06 price VHT                               169.66 USD
2022-05-06 price GLD                                37.61 USD
2022-05-13 price VBMPX                              28.93 USD
2022-05-13 price RGAGX                             178.79 USD
2022-05-13 price ITOT                               96.02 USD
2022-05-13 price VEA                               160.73 USD
2022-05-13 price VHT                               170.60 USD
2022-05-13 price GLD                                37.52 USD
2022-05-20 price VBMPX                              29.48 USD
2022-05-20 price RGAGX                             177.70 USD
2022-05-20 price ITOT                               94.35 USD
2022-05-20 price VEA                               158.36 USD
2022-05-20 price VHT                               169.12 USD
2022-05-20 price GLD                                37.92 USD
2022-05-27 price VBMPX                              29.02 USD
2022-05-27 price RGAGX                             176.23 USD
2022-05-27 price ITOT                               94.50 USD
2022-05-27 price VEA                               156.93 USD
2022-05-27 price VHT                               168.64 USD
2022-05-27 price GLD                                37.80 USD
2022-06-03 price VBMPX                              28.47 USD
2022-06-03 price RGAGX                             173.01 USD
2022-06-03 price ITOT                               92.46 USD
2022-06-03 price VEA                               156.08 USD
2022-06-03 price VHT                               168.83 USD
2022-06-03 price GLD                                38.31 USD
2022-06-10 price VBMPX                              28.22 USD
2022-06-10 price RGAGX                             175.25 USD
2022-06-10 price ITOT                               92.38 USD
2022-06-10 price VEA                               155.72 USD
2022-06-10 price VHT                               170.96 USD
2022-06-10 price GLD                                38.35 USD
2022-06-17 price VBMPX                              28.30 USD
2022-06-17 price RGAGX                             176.66 USD
2022-06-17 price ITOT                               96.44 USD
2022-06-17 price VEA                               155.43 USD
2022-06-17 price VHT                               171.58 USD
2022-06-17 price GLD                                38.82 USD
2022-06-24 price VBMPX                              27.21 USD
2022-06-24 price RGAGX                             172.52 USD
2022-06-24 price ITOT                               95.77 USD
2022-06-24 price VEA                               156.02 USD
2022-06-24 price VHT                               171.95 USD
2022-06-24 price GLD                                39.21 USD
2022-07-01 price VBMPX                              26.94 USD
2022-07-01 price RGAGX                             173.18 USD
2022-07-01 price ITOT                               93.72 USD
2022-07-01 price VEA                               156.52 USD
2022-07-01 price VHT                               174.77 USD
2022-07-01 price GLD                                39.61 USD
2022-07-08 price VBMPX                              26.72 USD
2022-07-08 price RGAGX                             173.98 USD
2022-07-08 price ITOT                               94.56 USD
2022-07-08 price VEA                               157.30 USD
2022-07-08 price VHT                               174.09 USD
2022-07-08 price GLD                                39.99 USD
2022-07-15 price VBMPX                              26.85 USD
2022-07-15 price RGAGX                             172.65 USD
2022-07-15 price ITOT                               92.52 USD
2022-07-15 price VEA                               157.17 USD
2022-07-15 price VHT                               174.28 USD
2022-07-15 price GLD                                40.01 USD
2022-07-22 price VBMPX                              26.62 USD
2022-07-22 price RGAGX                             173.58 USD
2022-07-22 price ITOT                               93.76 USD
2022-07-22 price VEA                               158.43 USD
2022-07-22 price VHT                               175.07 USD
2022-07-22 price GLD                                39.72 USD
2022-07-29 price VBMPX                              26.14 USD
2022-07-29 price RGAGX                             173.82 USD
2022-07-29 price ITOT                               93.74 USD
2022-07-29 price VEA                               158.63 USD
2022-07-29 price VHT                               174.21 USD
2022-07-29 price GLD                                40.23 USD
2022-08-05 price VBMPX                              26.01 USD
2022-08-05 price RGAGX                             172.88 USD
2022-08-05 price ITOT                               92.19 USD
2022-08-05 price VEA                               160.53 USD
2022-08-05 price VHT                               175.33 USD
2022-08-05 price GLD                                40.30 USD
2022-08-12 price VBMPX                              26.29 USD
2022-08-12 price RGAGX                             169.31 USD
2022-08-12 price ITOT                               90.01 USD
2022-08-12 price VEA                               160.22 USD
2022-08-12 price VHT                               177.35 USD
2022-08-12 price GLD                                39.88 USD
2022-08-19 price VBMPX                              26.10 USD
2022-08-19 price RGAGX                             169.11 USD
2022-08-19 price ITOT                               87.78 USD
2022-08-19 price VEA                               159.75 USD
2022-08-19 price VHT                               176.53 USD
2022-08-19 price GLD                                40.08 USD
2022-08-26 price VBMPX                              26.38 USD
2022-08-26 price RGAGX                             169.64 USD
2022-08-26 price ITOT                               87.32 USD
2022-08-26 price VEA                               161.15 USD
2022-08-26 price VHT                               176.43 USD
2022-08-26 price GLD                                39.97 USD
2022-09-02 price VBMPX                              25.93 USD
2022-09-02 price RGAGX                             167.88 USD
2022-09-02 price ITOT                               87.58 USD
2022-09-02 price VEA                               162.35 USD
2022-09-02 price VHT                               178.34 USD
2022-09-02 price GLD                                39.54 USD
2022-09-09 price VBMPX                              25.75 USD
2022-09-09 price RGAGX                             169.91 USD
2022-09-09 price ITOT                               87.33 USD
2022-09-09 price VEA                               161.61 USD
2022-09-09 price VHT                               180.25 USD
2022-09-09 price GLD                                39.32 USD
2022-09-16 price VBMPX                              25.75 USD
2022-09-16 price RGAGX                             172.17 USD
2022-09-16 price ITOT                               86.65 USD
2022-09-16 price VEA                               161.35 USD
2022-09-16 price VHT                               179.71 USD
2022-09-16 price GLD                                39.38 USD
2022-09-23 price VBMPX                              26.38 USD
2022-09-23 price RGAGX                             171.69 USD
2022-09-23 price ITOT                               89.58 USD
2022-09-23 price VEA                               162.58 USD
2022-09-23 price VHT                               177.95 USD
2022-09-23 price GLD                                39.64 USD
2022-09-30 price VBMPX                              26.79 USD
2022-09-30 price RGAGX                             174.96 USD
2022-09-30 price ITOT                               90.01 USD
2022-09-30 price VEA                               161.70 USD
2022-09-30 price VHT                               177.12 USD
2022-09-30 price GLD                                40.27 USD
2022-10-07 price VBMPX                              26.79 USD
2022-10-07 price RGAGX                             177.04 USD
2022-10-07 price ITOT                               88.17 USD
2022-10-07 price VEA                               162.85 USD
2022-10-07 price VHT                               175.80 USD
2022-10-07 price GLD                                41.04 USD
2022-10-14 price VBMPX                              27.13 USD
2022-10-14 price RGAGX                             176.03 USD
2022-10-14 price ITOT                               89.24 USD
2022-10-14 price VEA                               162.96 USD
2022-10-14 price VHT                               176.77 USD
2022-10-14 price GLD                                40.56 USD
2022-10-21 price VBMPX                              27.81 USD
2022-10-21 price RGAGX                             178.18 USD
2022-10-21 price ITOT                               89.48 USD
2022-10-21 price VEA                               163.86 USD
2022-10-21 price VHT                               175.02 USD
2022-10-21 price GLD                                40.60 USD
2022-10-28 price VBMPX                              28.04 USD
2022-10-28 price RGAGX                             181.58 USD
2022-10-28 price ITOT                               90.77 USD
2022-10-28 price VEA                               164.32 USD
2022-10-28 price VHT                               172.76 USD
2022-10-28 price GLD                                40.80 USD
2022-11-04 price VBMPX                              29.07 USD
2022-11-04 price RGAGX                             182.85 USD
2022-11-04 price ITOT                               88.71 USD
2022-11-04 price VEA                               165.62 USD
2022-11-04 price VHT                               173.34 USD
2022-11-04 price GLD                                40.82 USD
2022-11-11 price VBMPX                              28.27 USD
2022-11-11 price RGAGX                             186.50 USD
2022-11-11 price ITOT                               86.83 USD
2022-11-11 price VEA                               164.62 USD
2022-11-11 price VHT                               173.95 USD
2022-11-11 price GLD                                40.87 USD
2022-11-18 price VBMPX                              28.19 USD
2022-11-18 price RGAGX                             185.26 USD
2022-11-18 price ITOT                               85.98 USD
2022-11-18 price VEA                               165.50 USD
2022-11-18 price VHT                               173.99 USD
2022-11-18 price GLD                                40.83 USD
2022-11-25 price VBMPX                              28.25 USD
2022-11-25 price RGAGX                             186.49 USD
2022-11-25 price ITOT                               85.94 USD
2022-11-25 price VEA                               164.61 USD
2022-11-25 price VHT                               173.21 USD
2022-11-25 price GLD                                41.83 USD
2022-12-02 price VBMPX                              28.77 USD
2022-12-02 price RGAGX                             189.06 USD
2022-12-02 price ITOT                               86.84 USD
2022-12-02 price VEA                               169.04 USD
2022-12-02 price VHT                               173.84 USD
2022-12-02 price GLD                                42.07 USD
2022-12-09 price VBMPX                              28.48 USD
2022-12-09 price RGAGX                             191.36 USD
2022-12-09 price ITOT                               85.18 USD
2022-12-09 price VEA                               170.91 USD
2022-12-09 price VHT                               175.05 USD
2022-12-09 price GLD                                41.79 USD
2022-12-16 price VBMPX                              29.04 USD
2022-12-16 price RGAGX                             192.47 USD
2022-12-16 price ITOT                               84.48 USD
2022-12-16 price VEA                               170.09 USD
2022-12-16 price VHT                               175.64 USD
2022-12-16 price GLD                                41.65 USD
2022-12-23 price VBMPX                              28.63 USD
2022-12-23 price RGAGX                             196.28 USD
2022-12-23 price ITOT                               85.93 USD
2022-12-23 price VEA                               171.17 USD
2022-12-23 price VHT                               175.44 USD
2022-12-23 price GLD                                41.37 USD
2022-12-30 price VBMPX                              28.70 USD
2022-12-30 price RGAGX                             195.57 USD
2022-12-30 price ITOT                               85.38 USD
2022-12-30 price VEA                               172.18 USD
2022-12-30 price VHT                               175.35 USD
2022-12-30 price GLD                                41.30 USD
2023-01-06 price VBMPX                              27.91 USD
2023-01-06 price RGAGX                             189.26 USD
2023-01-06 price ITOT                               85.58 USD
2023-01-06 price VEA                               171.69 USD
2023-01-06 price VHT                               176.07 USD
2023-01-06 price GLD                                41.73 USD
2023-01-13 price VBMPX                              27.84 USD
2023-01-13 price RGAGX                             192.59 USD
2023-01-13 price ITOT                               84.85 USD
2023-01-13 price VEA                               171.56 USD
2023-01-13 price VHT                               176.09 USD
2023-01-13 price GLD                                41.78 USD
2023-01-20 price VBMPX                              28.07 USD
2023-01-20 price RGAGX                             194.24 USD
2023-01-20 price ITOT                               82.97 USD
2023-01-20 price VEA                               174.46 USD
2023-01-20 price VHT                               176.28 USD
2023-01-20 price GLD                                42.18 USD
2023-01-27 price VBMPX                              28.64 USD
2023-01-27 price RGAGX                             194.87 USD
2023-01-27 price ITOT                               82.89 USD
2023-01-27 price VEA                               174.91 USD
2023-01-27 price VHT                               176.13 USD
2023-01-27 price GLD                                42.74 USD
2023-02-03 price VBMPX                              28.74 USD
2023-02-03 price RGAGX                             195.11 USD
2023-02-03 price ITOT                               83.50 USD
2023-02-03 price VEA                               175.88 USD
2023-02-03 price VHT                               176.55 USD
2023-02-03 price GLD                                42.23 USD
2023-02-10 price VBMPX                              28.17 USD
2023-02-10 price RGAGX                             194.13 USD
2023-02-10 price ITOT                               85.09 USD
2023-02-10 price VEA                               176.74 USD
2023-02-10 price VHT                               178.68 USD
2023-02-10 price GLD                                43.29 USD
2023-02-17 price VBMPX                              27.77 USD
2023-02-17 price RGAGX                             189.86 USD
2023-02-17 price ITOT                               84.90 USD
2023-02-17 price VEA                               175.75 USD
2023-02-17 price VHT                               178.87 USD
2023-02-17 price GLD                                43.77 USD
2023-02-24 price VBMPX                              27.23 USD
2023-02-24 price RGAGX                             187.85 USD
2023-02-24 price ITOT                               86.84 USD
2023-02-24 price VEA                               179.07 USD
2023-02-24 price VHT                               179.98 USD
2023-02-24 price GLD                                44.37 USD
2023-03-03 price VBMPX                              27.59 USD
2023-03-03 price RGAGX                             186.11 USD
2023-03-03 price ITOT                               86.65 USD
2023-03-03 price VEA                               174.74 USD
2023-03-03 price VHT                               179.05 USD
2023-03-03 price GLD                                44.83 USD
2023-03-10 price VBMPX                              27.49 USD
2023-03-10 price RGAGX                             179.60 USD
2023-03-10 price ITOT                               86.50 USD
2023-03-10 price VEA                               175.43 USD
2023-03-10 price VHT                               180.17 USD
2023-03-10 price GLD                                45.37 USD
2023-03-17 price VBMPX                              26.66 USD
2023-03-17 price RGAGX                             178.95 USD
2023-03-17 price ITOT                               84.13 USD
2023-03-17 price VEA                               176.51 USD
2023-03-17 price VHT                               178.31 USD
2023-03-17 price GLD                                46.17 USD
2023-03-24 price VBMPX                              26.24 USD
2023-03-24 price RGAGX                             178.49 USD
2023-03-24 price ITOT                               82.95 USD
2023-03-24 price VEA                               179.17 USD
2023-03-24 price VHT                               178.23 USD
2023-03-24 price GLD                                45.88 USD
2023-03-31 price VBMPX                              26.13 USD
2023-03-31 price RGAGX                             176.75 USD
2023-03-31 price ITOT                               85.88 USD
2023-03-31 price VEA                               181.07 USD
2023-03-31 price VHT                               181.31 USD
2023-03-31 price GLD                                45.74 USD
2023-04-07 price VBMPX                              25.94 USD
2023-04-07 price RGAGX                             177.04 USD
2023-04-07 price ITOT                               84.59 USD
2023-04-07 price VEA                               181.69 USD
2023-04-07 price VHT                               178.90 USD
2023-04-07 price GLD                                46.51 USD
2023-04-14 price VBMPX                              25.90 USD
2023-04-14 price RGAGX                             175.64 USD
2023-04-14 price ITOT                               85.98 USD
2023-04-14 price VEA                               179.85 USD
2023-04-14 price VHT                               178.75 USD
2023-04-14 price GLD                                46.35 USD
2023-04-21 price VBMPX                              25.78 USD
2023-04-21 price RGAGX                             173.97 USD
2023-04-21 price ITOT                               86.22 USD
2023-04-21 price VEA                               177.68 USD
2023-04-21 price VHT                               178.39 USD
2023-04-21 price GLD                                46.04 USD
2023-04-28 price VBMPX                              25.86 USD
2023-04-28 price RGAGX                             175.26 USD
2023-04-28 price ITOT                               86.83 USD
2023-04-28 price VEA                               178.26 USD
2023-04-28 price VHT                               179.72 USD
2023-04-28 price GLD                                45.92 USD
2023-05-05 price VBMPX                              26.01 USD
2023-05-05 price RGAGX                             174.33 USD
2023-05-05 price ITOT                               85.94 USD
2023-05-05 price VEA                               180.13 USD
2023-05-05 price VHT                               178.91 USD
2023-05-05 price GLD                                46.33 USD
2023-05-12 price VBMPX                              26.43 USD
2023-05-12 price RGAGX                             172.63 USD
2023-05-12 price ITOT                               84.39 USD
2023-05-12 price VEA                               180.94 USD
2023-05-12 price VHT                               180.14 USD
2023-05-12 price GLD                                46.38 USD
2023-05-19 price VBMPX                              26.43 USD
2023-05-19 price RGAGX                             171.08 USD
2023-05-19 price ITOT                               83.47 USD
2023-05-19 price VEA                               180.66 USD
2023-05-19 price VHT                               179.76 USD
2023-05-19 price GLD                                46.23 USD
2023-05-26 price VBMPX                              25.47 USD
2023-05-26 price RGAGX                             171.87 USD
2023-05-26 price ITOT                               82.79 USD
2023-05-26 price VEA                               181.40 USD
2023-05-26 price VHT                               178.04 USD
2023-05-26 price GLD                                45.65 USD
2023-06-02 price VBMPX                              25.24 USD
2023-06-02 price RGAGX                             170.29 USD
2023-06-02 price ITOT                               82.81 USD
2023-06-02 price VEA                               184.16 USD
2023-06-02 price VHT                               180.56 USD
2023-06-02 price GLD                                45.12 USD
2023-06-09 price VBMPX                              26.00 USD
2023-06-09 price RGAGX                             171.42 USD
2023-06-09 price ITOT                               83.08 USD
2023-06-09 price VEA                               183.36 USD
2023-06-09 price VHT                               181.85 USD
2023-06-09 price GLD                                44.85 USD
2023-06-16 price VBMPX                              25.67 USD
2023-06-16 price RGAGX                             170.78 USD
2023-06-16 price ITOT                               79.31 USD
2023-06-16 price VEA                               184.38 USD
2023-06-16 price VHT                               179.90 USD
2023-06-16 price GLD                                45.39 USD
2023-06-23 price VBMPX                              25.71 USD
2023-06-23 price RGAGX                             171.06 USD
2023-06-23 price ITOT                               80.52 USD
2023-06-23 price VEA                               182.97 USD
2023-06-23 price VHT                               180.10 USD
2023-06-23 price GLD                                44.97 USD
2023-06-30 price VBMPX                              25.30 USD
2023-06-30 price RGAGX                             173.21 USD
2023-06-30 price ITOT                               78.90 USD
2023-06-30 price VEA                               183.83 USD
2023-06-30 price VHT                               181.79 USD
2023-06-30 price GLD                                45.48 USD
2023-07-07 price VBMPX                              25.33 USD
2023-07-07 price RGAGX                             175.10 USD
2023-07-07 price ITOT                               78.48 USD
2023-07-07 price VEA                               183.91 USD
2023-07-07 price VHT                               181.54 USD
2023-07-07 price GLD                                45.53 USD
2023-07-14 price VBMPX                              25.16 USD
2023-07-14 price RGAGX                             175.07 USD
2023-07-14 price ITOT                               77.93 USD
2023-07-14 price VEA                               186.65 USD
2023-07-14 price VHT                               182.52 USD
2023-07-14 price GLD                                45.75 USD
2023-07-21 price VBMPX                              24.72 USD
2023-07-21 price RGAGX                             180.24 USD
2023-07-21 price ITOT                               75.61 USD
2023-07-21 price VEA                               185.76 USD
2023-07-21 price VHT                               185.33 USD
2023-07-21 price GLD                                46.31 USD
2023-07-28 price VBMPX                              25.10 USD
2023-07-28 price RGAGX                             181.18 USD
2023-07-28 price ITOT                               75.92 USD
2023-07-28 price VEA                               186.01 USD
2023-07-28 price VHT                               185.67 USD
2023-07-28 price GLD                                46.47 USD
2023-08-04 price VBMPX                              25.23 USD
2023-08-04 price RGAGX                             181.61 USD
2023-08-04 price ITOT                               75.95 USD
2023-08-04 price VEA                               183.25 USD
2023-08-04 price VHT                               185.87 USD
2023-08-04 price GLD                                47.12 USD
2023-08-11 price VBMPX                              24.92 USD
2023-08-11 price RGAGX                             182.81 USD
2023-08-11 price ITOT                               74.56 USD
2023-08-11 price VEA                               183.94 USD
2023-08-11 price VHT                               185.19 USD
2023-08-11 price GLD                                47.23 USD
2023-08-18 price VBMPX                              25.11 USD
2023-08-18 price RGAGX                             183.73 USD
2023-08-18 price ITOT                               72.87 USD
2023-08-18 price VEA                               183.60 USD
2023-08-18 price VHT                               181.55 USD
2023-08-18 price GLD                                48.44 USD
2023-08-25 price VBMPX                              25.50 USD
2023-08-25 price RGAGX                             185.26 USD
2023-08-25 price ITOT                               72.44 USD
2023-08-25 price VEA                               185.55 USD
2023-08-25 price VHT                               182.31 USD
2023-08-25 price GLD                                48.53 USD
2023-09-01 price VBMPX                              25.59 USD
2023-09-01 price RGAGX                             186.59 USD
2023-09-01 price ITOT                               71.79 USD
2023-09-01 price VEA                               186.80 USD
2023-09-01 price VHT                               182.68 USD
2023-09-01 price GLD                                48.53 USD
2023-09-08 price VBMPX                              25.54 USD
2023-09-08 price RGAGX                             187.46 USD
2023-09-08 price ITOT                               72.36 USD
2023-09-08 price VEA                               188.41 USD
2023-09-08 price VHT                               183.22 USD
2023-09-08 price GLD                                47.91 USD
2023-09-15 price VBMPX                              25.38 USD
2023-09-15 price RGAGX                             189.70 USD
2023-09-15 price ITOT                               72.55 USD
2023-09-15 price VEA                               188.15 USD
2023-09-15 price VHT                               184.11 USD
2023-09-15 price GLD                                48.03 USD
2023-09-22 price VBMPX                              25.30 USD
2023-09-22 price RGAGX                             191.85 USD
2023-09-22 price ITOT                               72.42 USD
2023-09-22 price VEA                               186.83 USD
2023-09-22 price VHT                               183.96 USD
2023-09-22 price GLD                                47.58 USD
2023-09-29 price VBMPX                              24.48 USD
2023-09-29 price RGAGX                             194.17 USD
2023-09-29 price ITOT                               74.68 USD
2023-09-29 price VEA                               189.06 USD
2023-09-29 price VHT                               185.81 USD
2023-09-29 price GLD                                47.55 USD
2023-10-06 price VBMPX                              23.74 USD
2023-10-06 price RGAGX                             188.50 USD
2023-10-06 price ITOT                               73.07 USD
2023-10-06 price VEA                               192.12 USD
2023-10-06 price VHT                               184.15 USD
2023-10-06 price GLD                                47.76 USD
2023-10-13 price VBMPX                              23.35 USD
2023-10-13 price RGAGX                             187.34 USD
2023-10-13 price ITOT                               74.48 USD
2023-10-13 price VEA                               192.08 USD
2023-10-13 price VHT                               185.44 USD
2023-10-13 price GLD                                47.40 USD
2023-10-20 price VBMPX                              23.46 USD
2023-10-20 price RGAGX                             185.62 USD
2023-10-20 price ITOT                               73.16 USD
2023-10-20 price VEA                               193.37 USD
2023-10-20 price VHT                               184.28 USD
2023-10-20 price GLD                                47.98 USD
2023-10-27 price VBMPX                              23.77 USD
2023-10-27 price RGAGX                             190.24 USD
2023-10-27 price ITOT                               73.14 USD
2023-10-27 price VEA                               195.97 USD
2023-10-27 price VHT                               185.77 USD
2023-10-27 price GLD                                47.44 USD
2023-11-03 price VBMPX                              23.55 USD
2023-11-03 price RGAGX                             191.54 USD
2023-11-03 price ITOT                               71.64 USD
2023-11-03 price VEA                               199.60 USD
2023-11-03 price VHT                               186.86 USD
2023-11-03 price GLD                                46.50 USD
2023-11-10 price VBMPX                              23.18 USD
2023-11-10 price RGAGX                             192.63 USD
2023-11-10 price ITOT                               71.21 USD
2023-11-10 price VEA                               198.31 USD
2023-11-10 price VHT                               185.09 USD
2023-11-10 price GLD                                46.85 USD
2023-11-17 price VBMPX                              23.23 USD
2023-11-17 price RGAGX                             192.38 USD
2023-11-17 price ITOT                               70.32 USD
2023-11-17 price VEA                               198.49 USD
2023-11-17 price VHT                               185.12 USD
2023-11-17 price GLD                                46.31 USD
2023-11-24 price VBMPX                              23.54 USD
2023-11-24 price RGAGX                             193.77 USD
2023-11-24 price ITOT                               70.19 USD
2023-11-24 price VEA                               199.69 USD
2023-11-24 price VHT                               183.94 USD
2023-11-24 price GLD                                47.14 USD
2023-12-01 price VBMPX                              23.58 USD
2023-12-01 price RGAGX                             193.30 USD
2023-12-01 price ITOT                               69.73 USD
2023-12-01 price VEA                               198.93 USD
2023-12-01 price VHT                               186.14 USD
2023-12-01 price GLD                                47.07 USD
2023-12-08 price VBMPX                              22.97 USD
2023-12-08 price RGAGX                             195.06 USD
2023-12-08 price ITOT                               68.32 USD
2023-12-08 price VEA                               198.74 USD
2023-12-08 price VHT                               187.27 USD
2023-12-08 price GLD                                47.13 USD
2023-12-15 price VBMPX                              23.54 USD
2023-12-15 price RGAGX                             191.56 USD
2023-12-15 price ITOT                               68.38 USD
2023-12-15 price VEA                               196.46 USD
2023-12-15 price VHT                               186.57 USD
2023-12-15 price GLD                                47.41 USD
2023-12-22 price VBMPX                              23.49 USD
2023-12-22 price RGAGX                             191.61 USD
2023-12-22 price ITOT                               68.58 USD
2023-12-22 price VEA                               199.08 USD
2023-12-22 price VHT                               190.37 USD
2023-12-22 price GLD                                48.16 USD
2023-12-29 price VBMPX                              23.55 USD
2023-12-29 price RGAGX                             192.05 USD
2023-12-29 price ITOT                               68.97 USD
2023-12-29 price VEA                               198.96 USD
2023-12-29 price VHT                               189.58 USD
2023-12-29 price GLD                                48.39 USD
2024-01-05 price VBMPX                              23.51 USD
2024-01-05 price RGAGX                             195.90 USD
2024-01-05 price ITOT                               69.38 USD
2024-01-05 price VEA                               200.84 USD
2024-01-05 price VHT                               188.51 USD
2024-01-05 price GLD                                48.59 USD
2024-01-12 price VBMPX                              24.06 USD
2024-01-12 price RGAGX                             190.50 USD
2024-01-12 price ITOT                               68.58 USD
2024-01-12 price VEA                               197.47 USD
2024-01-12 price VHT                               188.98 USD
2024-01-12 price GLD                                48.72 USD
2024-01-19 price VBMPX                              23.98 USD
2024-01-19 price RGAGX                             191.49 USD
2024-01-19 price ITOT                               67.90 USD
2024-01-19 price VEA                               196.67 USD
2024-01-19 price VHT                               189.84 USD
2024-01-19 price GLD                                48.67 USD
2024-01-26 price VBMPX                              23.81 USD
2024-01-26 price RGAGX                             192.45 USD
2024-01-26 price ITOT                               67.23 USD
2024-01-26 price VEA                               197.63 USD
2024-01-26 price VHT                               193.91 USD
2024-01-26 price GLD                                47.87 USD
2024-02-02 price VBMPX                              24.30 USD
2024-02-02 price RGAGX                             191.27 USD
2024-02-02 price ITOT                               65.67 USD
2024-02-02 price VEA                               195.55 USD
2024-02-02 price VHT                               192.73 USD
2024-02-02 price GLD                                47.33 USD
2024-02-09 price VBMPX                              24.07 USD
2024-02-09 price RGAGX                             192.03 USD
2024-02-09 price ITOT                               66.08 USD
2024-02-09 price VEA                               194.77 USD
2024-02-09 price VHT                               191.33 USD
2024-02-09 price GLD                                47.32 USD
2024-02-16 price VBMPX                              23.78 USD
2024-02-16 price RGAGX                             193.77 USD
2024-02-16 price ITOT                               65.53 USD
2024-02-16 price VEA                               196.73 USD
2024-02-16 price VHT                               192.99 USD
2024-02-16 price GLD                                47.34 USD
2024-02-23 price VBMPX                              24.02 USD
2024-02-23 price RGAGX                             193.75 USD
2024-02-23 price ITOT                               65.38 USD
2024-02-23 price VEA                               195.93 USD
2024-02-23 price VHT                               194.39 USD
2024-02-23 price GLD                                47.41 USD
2024-03-01 price VBMPX                              23.82 USD
2024-03-01 price RGAGX                             194.62 USD
2024-03-01 price ITOT                               65.97 USD
2024-03-01 price VEA                               197.36 USD
2024-03-01 price VHT                               193.21 USD
2024-03-01 price GLD                                47.77 USD
2024-03-08 price VBMPX                              23.39 USD
2024-03-08 price RGAGX                             193.91 USD
2024-03-08 price ITOT                               64.89 USD
2024-03-08 price VEA                               196.02 USD
2024-03-08 price VHT                               192.00 USD
2024-03-08 price GLD                                48.71 USD
2024-03-15 price VBMPX                              23.26 USD
2024-03-15 price RGAGX                             189.69 USD
2024-03-15 price ITOT                               64.94 USD
2024-03-15 price VEA                               195.92 USD
2024-03-15 price VHT                               193.50 USD
2024-03-15 price GLD                                47.68 USD
2024-03-22 price VBMPX                              23.24 USD
2024-03-22 price RGAGX                             189.11 USD
2024-03-22 price ITOT                               64.45 USD
2024-03-22 price VEA                               196.64 USD
2024-03-22 price VHT                               192.15 USD
2024-03-22 price GLD                                47.64 USD
2024-03-29 price VBMPX                              22.96 USD
2024-03-29 price RGAGX                             189.46 USD
2024-03-29 price ITOT                               64.97 USD
2024-03-29 price VEA                               197.29 USD
2024-03-29 price VHT                               193.47 USD
2024-03-29 price GLD                                47.66 USD
2024-04-05 price VBMPX                              23.13 USD
2024-04-05 price RGAGX                             190.91 USD
2024-04-05 price ITOT                               63.76 USD
2024-04-05 price VEA                               201.20 USD
2024-04-05 price VHT                               191.09 USD
2024-04-05 price GLD                                47.01 USD
2024-04-12 price VBMPX                              23.36 USD
2024-04-12 price RGAGX                             193.00 USD
2024-04-12 price ITOT                               64.80 USD
2024-04-12 price VEA                               198.94 USD
2024-04-12 price VHT                               190.77 USD
2024-04-12 price GLD                                46.70 USD
2024-04-19 price VBMPX                              23.53 USD
2024-04-19 price RGAGX                             194.91 USD
2024-04-19 price ITOT                               64.42 USD
2024-04-19 price VEA                               199.04 USD
2024-04-19 price VHT                               191.62 USD
2024-04-19 price GLD                                46.36 USD
2024-04-26 price VBMPX                              22.69 USD
2024-04-26 price RGAGX                             192.27 USD
2024-04-26 price ITOT                               64.49 USD
2024-04-26 price VEA                               199.72 USD
2024-04-26 price VHT                               190.89 USD
2024-04-26 price GLD                                46.50 USD
2024-05-03 price VBMPX                              22.41 USD
2024-05-03 price RGAGX                             194.67 USD
2024-05-03 price ITOT                               65.28 USD
2024-05-03 price VEA                               197.85 USD
2024-05-03 price VHT                               190.93 USD
2024-05-03 price GLD                                46.82 USD
2024-05-10 price VBMPX                              23.07 USD
2024-05-10 price RGAGX                             196.57 USD
2024-05-10 price ITOT                               66.03 USD
2024-05-10 price VEA                               199.34 USD
2024-05-10 price VHT                               192.44 USD
2024-05-10 price GLD                                46.38 USD
2024-05-17 price VBMPX                              24.08 USD
2024-05-17 price RGAGX                             196.75 USD
2024-05-17 price ITOT                               66.16 USD
2024-05-17 price VEA                               199.50 USD
2024-05-17 price VHT                               194.86 USD
2024-05-17 price GLD                                46.62 USD
2024-05-24 price VBMPX                              24.14 USD
2024-05-24 price RGAGX                             195.25 USD
2024-05-24 price ITOT                               64.75 USD
2024-05-24 price VEA                               201.48 USD
2024-05-24 price VHT                               194.25 USD
2024-05-24 price GLD                                46.86 USD
2024-05-31 price VBMPX                              24.42 USD
2024-05-31 price RGAGX                             194.77 USD
2024-05-31 price ITOT                               65.36 USD
2024-05-31 price VEA                               201.45 USD
2024-05-31 price VHT                               192.90 USD
2024-05-31 price GLD                                46.52 USD
2024-06-07 price VBMPX                              24.89 USD
2024-06-07 price RGAGX                             193.57 USD
2024-06-07 price ITOT                               65.86 USD
2024-06-07 price VEA                               202.13 USD
2024-06-07 price VHT                               191.76 USD
2024-06-07 price GLD                                46.63 USD
2024-06-14 price VBMPX                              24.48 USD
2024-06-14 price RGAGX                             191.04 USD
2024-06-14 price ITOT                               66.54 USD
2024-06-14 price VEA                               200.29 USD
2024-06-14 price VHT                               193.23 USD
2024-06-14 price GLD                                46.72 USD
2024-06-21 price VBMPX                              23.96 USD
2024-06-21 price RGAGX                             190.61 USD
2024-06-21 price ITOT                               67.41 USD
2024-06-21 price VEA                               198.96 USD
2024-06-21 price VHT                               193.35 USD
2024-06-21 price GLD                                47.78 USD
2024-06-28 price VBMPX                              24.44 USD
2024-06-28 price RGAGX                             188.86 USD
2024-06-28 price ITOT                               69.24 USD
2024-06-28 price VEA                               202.68 USD
2024-06-28 price VHT                               192.90 USD
2024-06-28 price GLD                                47.99 USD
2024-07-05 price VBMPX                              24.07 USD
2024-07-05 price RGAGX                             186.83 USD
2024-07-05 price ITOT                               71.24 USD
2024-07-05 price VEA                               203.54 USD
2024-07-05 price VHT                               191.81 USD
2024-07-05 price GLD                                47.44 USD
2024-07-12 price VBMPX                              24.27 USD
2024-07-12 price RGAGX                             188.31 USD
2024-07-12 price ITOT                               70.86 USD
2024-07-12 price VEA                               202.44 USD
2024-07-12 price VHT                               193.08 USD
2024-07-12 price GLD                                47.50 USD
2024-07-19 price VBMPX                              24.45 USD
2024-07-19 price RGAGX                             188.43 USD
2024-07-19 price ITOT                               70.41 USD
2024-07-19 price VEA                               206.04 USD
2024-07-19 price VHT                               189.17 USD
2024-07-19 price GLD                                47.60 USD
2024-07-26 price VBMPX                              24.32 USD
2024-07-26 price RGAGX                             190.43 USD
2024-07-26 price ITOT                               71.52 USD
2024-07-26 price VEA                               206.97 USD
2024-07-26 price VHT                               187.48 USD
2024-07-26 price GLD                                47.93 USD
2024-08-02 price VBMPX                              24.92 USD
2024-08-02 price RGAGX                             189.69 USD
2024-08-02 price ITOT                               72.50 USD
2024-08-02 price VEA                               209.42 USD
2024-08-02 price VHT                               188.15 USD
2024-08-02 price GLD                                47.58 USD
2024-08-09 price VBMPX                              24.62 USD
2024-08-09 price RGAGX                             195.26 USD
2024-08-09 price ITOT                               70.61 USD
2024-08-09 price VEA                               207.37 USD
2024-08-09 price VHT                               187.56 USD
2024-08-09 price GLD                                47.63 USD
2024-08-16 price VBMPX                              24.45 USD
2024-08-16 price RGAGX                             193.09 USD
2024-08-16 price ITOT                               69.39 USD
2024-08-16 price VEA                               204.82 USD
2024-08-16 price VHT                               189.71 USD
2024-08-16 price GLD                                48.46 USD
2024-08-23 price VBMPX                              24.32 USD
2024-08-23 price RGAGX                             193.83 USD
2024-08-23 price ITOT                               68.59 USD
2024-08-23 price VEA                               207.97 USD
2024-08-23 price VHT                               190.16 USD
2024-08-23 price GLD                                48.40 USD
2024-08-30 price VBMPX                              24.33 USD
2024-08-30 price RGAGX                             194.87 USD
2024-08-30 price ITOT                               69.75 USD
2024-08-30 price VEA                               208.27 USD
2024-08-30 price VHT                               191.80 USD
2024-08-30 price GLD                                48.19 USD
2024-09-06 price VBMPX                              23.85 USD
2024-09-06 price RGAGX                             194.92 USD
2024-09-06 price ITOT                               69.64 USD
2024-09-06 price VEA                               205.00 USD
2024-09-06 price VHT                               189.91 USD
2024-09-06 price GLD                                47.88 USD
2024-09-13 price VBMPX                              23.58 USD
2024-09-13 price RGAGX                             199.06 USD
2024-09-13 price ITOT                               68.44 USD
2024-09-13 price VEA                               206.11 USD
2024-09-13 price VHT                               186.87 USD
2024-09-13 price GLD                                47.61 USD
2024-09-20 price VBMPX                              23.76 USD
2024-09-20 price RGAGX                             200.54 USD
2024-09-20 price ITOT                               65.76 USD
2024-09-20 price VEA                               206.34 USD
2024-09-20 price VHT                               189.40 USD
2024-09-20 price GLD                                47.95 USD
2024-09-27 price VBMPX                              23.97 USD
2024-09-27 price RGAGX                             198.60 USD
2024-09-27 price ITOT                               65.99 USD
2024-09-27 price VEA                               203.53 USD
2024-09-27 price VHT                               188.29 USD
2024-09-27 price GLD                                47.83 USD



* Cash


; Source: https://raw.githubusercontent.com/igor-dimi/learning/b40eb56256dc7a3bde435336997d7a60cfc00748/finance/beancount/example.beancount
