;; -*- mode: org; mode: beancount; -*-
;; Birth: 1980-05-12
;; Dates: 2023-01-01 - 2025-03-16
;; THIS FILE HAS BEEN AUTO-GENERATED.
* Options

option "title" "Example Beancount file"
option "operating_currency" "USD"

1792-01-01 commodity USD

1900-01-01 commodity VMMXX

1980-05-12 commodity VACHR

1980-05-12 commodity IRAUSD

1995-09-18 commodity VBMPX

2004-01-20 commodity ITOT

2004-01-26 commodity VHT

2004-11-01 commodity GLD

2007-07-20 commodity VEA

2009-05-01 commodity RGAGX

1980-05-12 open Equity:Opening-Balances
1980-05-12 open Liabilities:AccountsPayable


2023-01-01 open Assets:US:BofA

2023-01-01 open Assets:US:BofA:Checking                        USD

2023-01-01 * "Opening Balance for checking account"
  Assets:US:BofA:Checking                         3927.15 USD
  Equity:Opening-Balances                        -3927.15 USD

2023-01-02 balance Assets:US:BofA:Checking        3927.15 USD

2023-01-04 * "BANK FEES" "Monthly bank fee"
  Assets:US:BofA:Checking                           -4.00 USD
  Expenses:Financial:Fees                            4.00 USD

2023-01-05 * "RiverBank Properties" "Paying the rent"
  Assets:US:BofA:Checking                        -2400.00 USD
  Expenses:Home:Rent                              2400.00 USD

2023-01-08 * "EDISON POWER" ""
  Assets:US:BofA:Checking                          -65.00 USD
  Expenses:Home:Electricity                         65.00 USD

2023-01-20 * "Verizon Wireless" ""
  Assets:US:BofA:Checking                          -77.53 USD
  Expenses:Home:Phone                               77.53 USD

2023-01-22 * "Wine-Tarner Cable" ""
  Assets:US:BofA:Checking                          -79.89 USD
  Expenses:Home:Internet                            79.89 USD

2023-01-24 balance Assets:US:BofA:Checking        3838.09 USD

2023-02-04 * "BANK FEES" "Monthly bank fee"
  Assets:US:BofA:Checking                           -4.00 USD
  Expenses:Financial:Fees                            4.00 USD

2023-02-05 * "RiverBank Properties" "Paying the rent"
  Assets:US:BofA:Checking                        -2400.00 USD
  Expenses:Home:Rent                              2400.00 USD

2023-02-08 * "EDISON POWER" ""
  Assets:US:BofA:Checking                          -65.00 USD
  Expenses:Home:Electricity                         65.00 USD

2023-02-18 * "Verizon Wireless" ""
  Assets:US:BofA:Checking                          -29.21 USD
  Expenses:Home:Phone                               29.21 USD

2023-02-19 balance Assets:US:BofA:Checking        3442.97 USD

2023-02-22 * "Wine-Tarner Cable" ""
  Assets:US:BofA:Checking                          -80.03 USD
  Expenses:Home:Internet                            80.03 USD

2023-03-04 * "BANK FEES" "Monthly bank fee"
  Assets:US:BofA:Checking                           -4.00 USD
  Expenses:Financial:Fees                            4.00 USD

2023-03-04 * "RiverBank Properties" "Paying the rent"
  Assets:US:BofA:Checking                        -2400.00 USD
  Expenses:Home:Rent                              2400.00 USD

2023-03-08 * "EDISON POWER" ""
  Assets:US:BofA:Checking                          -65.00 USD
  Expenses:Home:Electricity                         65.00 USD

2023-03-17 balance Assets:US:BofA:Checking        2937.97 USD

2023-03-18 * "Verizon Wireless" ""
  Assets:US:BofA:Checking                          -57.35 USD
  Expenses:Home:Phone                               57.35 USD

2023-03-21 * "Wine-Tarner Cable" ""
  Assets:US:BofA:Checking                          -80.05 USD
  Expenses:Home:Internet                            80.05 USD

2023-04-04 * "BANK FEES" "Monthly bank fee"
  Assets:US:BofA:Checking                           -4.00 USD
  Expenses:Financial:Fees                            4.00 USD

2023-04-04 * "RiverBank Properties" "Paying the rent"
  Assets:US:BofA:Checking                        -2400.00 USD
  Expenses:Home:Rent                              2400.00 USD

2023-04-09 * "EDISON POWER" ""
  Assets:US:BofA:Checking                          -65.00 USD
  Expenses:Home:Electricity                         65.00 USD

2023-04-13 balance Assets:US:BofA:Checking        1112.44 USD

2023-04-18 * "Verizon Wireless" ""
  Assets:US:BofA:Checking                          -60.04 USD
  Expenses:Home:Phone                               60.04 USD

2023-04-22 * "Wine-Tarner Cable" ""
  Assets:US:BofA:Checking                          -80.12 USD
  Expenses:Home:Internet                            80.12 USD

2023-05-04 * "BANK FEES" "Monthly bank fee"
  Assets:US:BofA:Checking                           -4.00 USD
  Expenses:Financial:Fees                            4.00 USD

2023-05-06 balance Assets:US:BofA:Checking        3669.48 USD

2023-05-06 * "RiverBank Properties" "Paying the rent"
  Assets:US:BofA:Checking                        -2400.00 USD
  Expenses:Home:Rent                              2400.00 USD

2023-05-09 * "EDISON POWER" ""
  Assets:US:BofA:Checking                          -65.00 USD
  Expenses:Home:Electricity                         65.00 USD

2023-05-20 * "Verizon Wireless" ""
  Assets:US:BofA:Checking                          -58.70 USD
  Expenses:Home:Phone                               58.70 USD

2023-05-22 * "Wine-Tarner Cable" ""
  Assets:US:BofA:Checking                          -79.80 USD
  Expenses:Home:Internet                            79.80 USD

2023-05-29 balance Assets:US:BofA:Checking        3050.50 USD

2023-06-04 * "BANK FEES" "Monthly bank fee"
  Assets:US:BofA:Checking                           -4.00 USD
  Expenses:Financial:Fees                            4.00 USD

2023-06-05 * "RiverBank Properties" "Paying the rent"
  Assets:US:BofA:Checking                        -2400.00 USD
  Expenses:Home:Rent                              2400.00 USD

2023-06-09 * "EDISON POWER" ""
  Assets:US:BofA:Checking                          -65.00 USD
  Expenses:Home:Electricity                         65.00 USD

2023-06-19 * "Verizon Wireless" ""
  Assets:US:BofA:Checking                          -58.93 USD
  Expenses:Home:Phone                               58.93 USD

2023-06-22 balance Assets:US:BofA:Checking        1226.67 USD

2023-06-23 * "Wine-Tarner Cable" ""
  Assets:US:BofA:Checking                          -79.98 USD
  Expenses:Home:Internet                            79.98 USD

2023-07-04 * "BANK FEES" "Monthly bank fee"
  Assets:US:BofA:Checking                           -4.00 USD
  Expenses:Financial:Fees                            4.00 USD

2023-07-04 * "RiverBank Properties" "Paying the rent"
  Assets:US:BofA:Checking                        -2400.00 USD
  Expenses:Home:Rent                              2400.00 USD

2023-07-08 * "EDISON POWER" ""
  Assets:US:BofA:Checking                          -65.00 USD
  Expenses:Home:Electricity                         65.00 USD

2023-07-17 balance Assets:US:BofA:Checking        1016.61 USD

2023-07-19 * "Verizon Wireless" ""
  Assets:US:BofA:Checking                          -60.88 USD
  Expenses:Home:Phone                               60.88 USD

2023-07-23 * "Wine-Tarner Cable" ""
  Assets:US:BofA:Checking                          -80.16 USD
  Expenses:Home:Internet                            80.16 USD

2023-08-04 * "BANK FEES" "Monthly bank fee"
  Assets:US:BofA:Checking                           -4.00 USD
  Expenses:Financial:Fees                            4.00 USD

2023-08-04 * "RiverBank Properties" "Paying the rent"
  Assets:US:BofA:Checking                        -2400.00 USD
  Expenses:Home:Rent                              2400.00 USD

2023-08-07 balance Assets:US:BofA:Checking        1872.77 USD

2023-08-08 * "EDISON POWER" ""
  Assets:US:BofA:Checking                          -65.00 USD
  Expenses:Home:Electricity                         65.00 USD

2023-08-18 * "Verizon Wireless" ""
  Assets:US:BofA:Checking                          -57.53 USD
  Expenses:Home:Phone                               57.53 USD

2023-08-23 * "Wine-Tarner Cable" ""
  Assets:US:BofA:Checking                          -79.90 USD
  Expenses:Home:Internet                            79.90 USD

2023-09-03 balance Assets:US:BofA:Checking        6082.99 USD

2023-09-04 * "BANK FEES" "Monthly bank fee"
  Assets:US:BofA:Checking                           -4.00 USD
  Expenses:Financial:Fees                            4.00 USD

2023-09-06 * "RiverBank Properties" "Paying the rent"
  Assets:US:BofA:Checking                        -2400.00 USD
  Expenses:Home:Rent                              2400.00 USD

2023-09-09 * "EDISON POWER" ""
  Assets:US:BofA:Checking                          -65.00 USD
  Expenses:Home:Electricity                         65.00 USD

2023-09-15 * "Transfering accumulated savings to other account"
  Assets:US:BofA:Checking                           -4000 USD
  Assets:US:ETrade:Cash                              4000 USD

2023-09-18 * "Verizon Wireless" ""
  Assets:US:BofA:Checking                          -70.68 USD
  Expenses:Home:Phone                               70.68 USD

2023-09-21 * "Wine-Tarner Cable" ""
  Assets:US:BofA:Checking                          -79.97 USD
  Expenses:Home:Internet                            79.97 USD

2023-10-02 balance Assets:US:BofA:Checking        3916.64 USD

2023-10-04 * "BANK FEES" "Monthly bank fee"
  Assets:US:BofA:Checking                           -4.00 USD
  Expenses:Financial:Fees                            4.00 USD

2023-10-05 * "RiverBank Properties" "Paying the rent"
  Assets:US:BofA:Checking                        -2400.00 USD
  Expenses:Home:Rent                              2400.00 USD

2023-10-09 * "EDISON POWER" ""
  Assets:US:BofA:Checking                          -65.00 USD
  Expenses:Home:Electricity                         65.00 USD

2023-10-20 * "Verizon Wireless" ""
  Assets:US:BofA:Checking                          -55.01 USD
  Expenses:Home:Phone                               55.01 USD

2023-10-21 * "Wine-Tarner Cable" ""
  Assets:US:BofA:Checking                          -79.86 USD
  Expenses:Home:Internet                            79.86 USD

2023-10-29 balance Assets:US:BofA:Checking        5592.90 USD

2023-11-04 * "BANK FEES" "Monthly bank fee"
  Assets:US:BofA:Checking                           -4.00 USD
  Expenses:Financial:Fees                            4.00 USD

2023-11-06 * "RiverBank Properties" "Paying the rent"
  Assets:US:BofA:Checking                        -2400.00 USD
  Expenses:Home:Rent                              2400.00 USD

2023-11-08 * "EDISON POWER" ""
  Assets:US:BofA:Checking                          -65.00 USD
  Expenses:Home:Electricity                         65.00 USD

2023-11-10 * "Transfering accumulated savings to other account"
  Assets:US:BofA:Checking                           -4500 USD
  Assets:US:ETrade:Cash                              4500 USD

2023-11-18 * "Verizon Wireless" ""
  Assets:US:BofA:Checking                          -41.14 USD
  Expenses:Home:Phone                               41.14 USD

2023-11-22 balance Assets:US:BofA:Checking         520.02 USD

2023-11-23 * "Wine-Tarner Cable" ""
  Assets:US:BofA:Checking                          -79.93 USD
  Expenses:Home:Internet                            79.93 USD

2023-12-04 * "BANK FEES" "Monthly bank fee"
  Assets:US:BofA:Checking                           -4.00 USD
  Expenses:Financial:Fees                            4.00 USD

2023-12-04 * "RiverBank Properties" "Paying the rent"
  Assets:US:BofA:Checking                        -2400.00 USD
  Expenses:Home:Rent                              2400.00 USD

2023-12-08 * "EDISON POWER" ""
  Assets:US:BofA:Checking                          -65.00 USD
  Expenses:Home:Electricity                         65.00 USD

2023-12-16 balance Assets:US:BofA:Checking        2358.02 USD

2023-12-20 * "Verizon Wireless" ""
  Assets:US:BofA:Checking                          -70.85 USD
  Expenses:Home:Phone                               70.85 USD

2023-12-23 * "Wine-Tarner Cable" ""
  Assets:US:BofA:Checking                          -80.05 USD
  Expenses:Home:Internet                            80.05 USD

2024-01-04 * "BANK FEES" "Monthly bank fee"
  Assets:US:BofA:Checking                           -4.00 USD
  Expenses:Financial:Fees                            4.00 USD

2024-01-06 balance Assets:US:BofA:Checking        6385.86 USD

2024-01-06 * "RiverBank Properties" "Paying the rent"
  Assets:US:BofA:Checking                        -2400.00 USD
  Expenses:Home:Rent                              2400.00 USD

2024-01-08 * "EDISON POWER" ""
  Assets:US:BofA:Checking                          -65.00 USD
  Expenses:Home:Electricity                         65.00 USD

2024-01-20 * "Verizon Wireless" ""
  Assets:US:BofA:Checking                          -71.27 USD
  Expenses:Home:Phone                               71.27 USD

2024-01-23 * "Wine-Tarner Cable" ""
  Assets:US:BofA:Checking                          -79.91 USD
  Expenses:Home:Internet                            79.91 USD

2024-01-28 balance Assets:US:BofA:Checking        4617.05 USD

2024-02-04 * "BANK FEES" "Monthly bank fee"
  Assets:US:BofA:Checking                           -4.00 USD
  Expenses:Financial:Fees                            4.00 USD

2024-02-06 * "RiverBank Properties" "Paying the rent"
  Assets:US:BofA:Checking                        -2400.00 USD
  Expenses:Home:Rent                              2400.00 USD

2024-02-09 * "EDISON POWER" ""
  Assets:US:BofA:Checking                          -65.00 USD
  Expenses:Home:Electricity                         65.00 USD

2024-02-18 * "Verizon Wireless" ""
  Assets:US:BofA:Checking                          -49.46 USD
  Expenses:Home:Phone                               49.46 USD

2024-02-22 * "Wine-Tarner Cable" ""
  Assets:US:BofA:Checking                          -79.90 USD
  Expenses:Home:Internet                            79.90 USD

2024-02-25 balance Assets:US:BofA:Checking        4130.95 USD

2024-03-03 * "RiverBank Properties" "Paying the rent"
  Assets:US:BofA:Checking                        -2400.00 USD
  Expenses:Home:Rent                              2400.00 USD

2024-03-04 * "BANK FEES" "Monthly bank fee"
  Assets:US:BofA:Checking                           -4.00 USD
  Expenses:Financial:Fees                            4.00 USD

2024-03-08 * "EDISON POWER" ""
  Assets:US:BofA:Checking                          -65.00 USD
  Expenses:Home:Electricity                         65.00 USD

2024-03-19 * "Verizon Wireless" ""
  Assets:US:BofA:Checking                          -57.77 USD
  Expenses:Home:Phone                               57.77 USD

2024-03-21 * "Wine-Tarner Cable" ""
  Assets:US:BofA:Checking                          -79.91 USD
  Expenses:Home:Internet                            79.91 USD

2024-03-26 balance Assets:US:BofA:Checking        2804.99 USD

2024-04-04 * "BANK FEES" "Monthly bank fee"
  Assets:US:BofA:Checking                           -4.00 USD
  Expenses:Financial:Fees                            4.00 USD

2024-04-06 * "RiverBank Properties" "Paying the rent"
  Assets:US:BofA:Checking                        -2400.00 USD
  Expenses:Home:Rent                              2400.00 USD

2024-04-08 * "EDISON POWER" ""
  Assets:US:BofA:Checking                          -65.00 USD
  Expenses:Home:Electricity                         65.00 USD

2024-04-19 * "Verizon Wireless" ""
  Assets:US:BofA:Checking                          -44.34 USD
  Expenses:Home:Phone                               44.34 USD

2024-04-21 balance Assets:US:BofA:Checking        2499.63 USD

2024-04-23 * "Wine-Tarner Cable" ""
  Assets:US:BofA:Checking                          -79.97 USD
  Expenses:Home:Internet                            79.97 USD

2024-05-04 * "BANK FEES" "Monthly bank fee"
  Assets:US:BofA:Checking                           -4.00 USD
  Expenses:Financial:Fees                            4.00 USD

2024-05-04 * "RiverBank Properties" "Paying the rent"
  Assets:US:BofA:Checking                        -2400.00 USD
  Expenses:Home:Rent                              2400.00 USD

2024-05-08 * "EDISON POWER" ""
  Assets:US:BofA:Checking                          -65.00 USD
  Expenses:Home:Electricity                         65.00 USD

2024-05-18 balance Assets:US:BofA:Checking        1982.80 USD

2024-05-20 * "Verizon Wireless" ""
  Assets:US:BofA:Checking                          -74.43 USD
  Expenses:Home:Phone                               74.43 USD

2024-05-21 * "Wine-Tarner Cable" ""
  Assets:US:BofA:Checking                          -80.13 USD
  Expenses:Home:Internet                            80.13 USD

2024-06-04 * "BANK FEES" "Monthly bank fee"
  Assets:US:BofA:Checking                           -4.00 USD
  Expenses:Financial:Fees                            4.00 USD

2024-06-06 * "RiverBank Properties" "Paying the rent"
  Assets:US:BofA:Checking                        -2400.00 USD
  Expenses:Home:Rent                              2400.00 USD

2024-06-09 * "EDISON POWER" ""
  Assets:US:BofA:Checking                          -65.00 USD
  Expenses:Home:Electricity                         65.00 USD

2024-06-17 balance Assets:US:BofA:Checking        1465.62 USD

2024-06-19 * "Verizon Wireless" ""
  Assets:US:BofA:Checking                          -75.62 USD
  Expenses:Home:Phone                               75.62 USD

2024-06-22 * "Wine-Tarner Cable" ""
  Assets:US:BofA:Checking                          -80.15 USD
  Expenses:Home:Internet                            80.15 USD

2024-07-04 * "BANK FEES" "Monthly bank fee"
  Assets:US:BofA:Checking                           -4.00 USD
  Expenses:Financial:Fees                            4.00 USD

2024-07-05 * "RiverBank Properties" "Paying the rent"
  Assets:US:BofA:Checking                        -2400.00 USD
  Expenses:Home:Rent                              2400.00 USD

2024-07-09 * "EDISON POWER" ""
  Assets:US:BofA:Checking                          -65.00 USD
  Expenses:Home:Electricity                         65.00 USD

2024-07-10 balance Assets:US:BofA:Checking        1296.49 USD

2024-07-20 * "Verizon Wireless" ""
  Assets:US:BofA:Checking                          -52.36 USD
  Expenses:Home:Phone                               52.36 USD

2024-07-21 * "Wine-Tarner Cable" ""
  Assets:US:BofA:Checking                          -79.92 USD
  Expenses:Home:Internet                            79.92 USD

2024-08-04 * "BANK FEES" "Monthly bank fee"
  Assets:US:BofA:Checking                           -4.00 USD
  Expenses:Financial:Fees                            4.00 USD

2024-08-05 * "RiverBank Properties" "Paying the rent"
  Assets:US:BofA:Checking                        -2400.00 USD
  Expenses:Home:Rent                              2400.00 USD

2024-08-06 balance Assets:US:BofA:Checking        2161.41 USD

2024-08-08 * "EDISON POWER" ""
  Assets:US:BofA:Checking                          -65.00 USD
  Expenses:Home:Electricity                         65.00 USD

2024-08-19 * "Verizon Wireless" ""
  Assets:US:BofA:Checking                          -55.40 USD
  Expenses:Home:Phone                               55.40 USD

2024-08-23 * "Wine-Tarner Cable" ""
  Assets:US:BofA:Checking                          -80.01 USD
  Expenses:Home:Internet                            80.01 USD

2024-08-29 balance Assets:US:BofA:Checking        3715.46 USD

2024-09-03 * "RiverBank Properties" "Paying the rent"
  Assets:US:BofA:Checking                        -2400.00 USD
  Expenses:Home:Rent                              2400.00 USD

2024-09-04 * "BANK FEES" "Monthly bank fee"
  Assets:US:BofA:Checking                           -4.00 USD
  Expenses:Financial:Fees                            4.00 USD

2024-09-08 * "EDISON POWER" ""
  Assets:US:BofA:Checking                          -65.00 USD
  Expenses:Home:Electricity                         65.00 USD

2024-09-13 * "Transfering accumulated savings to other account"
  Assets:US:BofA:Checking                           -5000 USD
  Assets:US:ETrade:Cash                              5000 USD

2024-09-18 balance Assets:US:BofA:Checking         724.40 USD

2024-09-18 * "Verizon Wireless" ""
  Assets:US:BofA:Checking                          -60.07 USD
  Expenses:Home:Phone                               60.07 USD

2024-09-21 * "Wine-Tarner Cable" ""
  Assets:US:BofA:Checking                          -79.93 USD
  Expenses:Home:Internet                            79.93 USD

2024-10-04 * "BANK FEES" "Monthly bank fee"
  Assets:US:BofA:Checking                           -4.00 USD
  Expenses:Financial:Fees                            4.00 USD

2024-10-05 * "RiverBank Properties" "Paying the rent"
  Assets:US:BofA:Checking                        -2400.00 USD
  Expenses:Home:Rent                              2400.00 USD

2024-10-08 balance Assets:US:BofA:Checking         731.00 USD

2024-10-08 * "EDISON POWER" ""
  Assets:US:BofA:Checking                          -65.00 USD
  Expenses:Home:Electricity                         65.00 USD

2024-10-20 * "Verizon Wireless" ""
  Assets:US:BofA:Checking                          -56.77 USD
  Expenses:Home:Phone                               56.77 USD

2024-10-21 * "Wine-Tarner Cable" ""
  Assets:US:BofA:Checking                          -79.97 USD
  Expenses:Home:Internet                            79.97 USD

2024-11-04 * "BANK FEES" "Monthly bank fee"
  Assets:US:BofA:Checking                           -4.00 USD
  Expenses:Financial:Fees                            4.00 USD

2024-11-05 * "RiverBank Properties" "Paying the rent"
  Assets:US:BofA:Checking                        -2400.00 USD
  Expenses:Home:Rent                              2400.00 USD

2024-11-06 balance Assets:US:BofA:Checking        2462.71 USD

2024-11-08 * "Transfering accumulated savings to other account"
  Assets:US:BofA:Checking                           -4000 USD
  Assets:US:ETrade:Cash                              4000 USD

2024-11-09 * "EDISON POWER" ""
  Assets:US:BofA:Checking                          -65.00 USD
  Expenses:Home:Electricity                         65.00 USD

2024-11-19 * "Verizon Wireless" ""
  Assets:US:BofA:Checking                          -57.62 USD
  Expenses:Home:Phone                               57.62 USD

2024-11-22 * "Wine-Tarner Cable" ""
  Assets:US:BofA:Checking                          -79.94 USD
  Expenses:Home:Internet                            79.94 USD

2024-12-04 * "BANK FEES" "Monthly bank fee"
  Assets:US:BofA:Checking                           -4.00 USD
  Expenses:Financial:Fees                            4.00 USD

2024-12-05 * "RiverBank Properties" "Paying the rent"
  Assets:US:BofA:Checking                        -2400.00 USD
  Expenses:Home:Rent                              2400.00 USD

2024-12-06 balance Assets:US:BofA:Checking        2964.58 USD

2024-12-08 * "EDISON POWER" ""
  Assets:US:BofA:Checking                          -65.00 USD
  Expenses:Home:Electricity                         65.00 USD

2024-12-18 * "Verizon Wireless" ""
  Assets:US:BofA:Checking                          -58.27 USD
  Expenses:Home:Phone                               58.27 USD

2024-12-21 * "Wine-Tarner Cable" ""
  Assets:US:BofA:Checking                          -79.78 USD
  Expenses:Home:Internet                            79.78 USD

2025-01-03 balance Assets:US:BofA:Checking        6591.47 USD

2025-01-04 * "BANK FEES" "Monthly bank fee"
  Assets:US:BofA:Checking                           -4.00 USD
  Expenses:Financial:Fees                            4.00 USD

2025-01-04 * "RiverBank Properties" "Paying the rent"
  Assets:US:BofA:Checking                        -2400.00 USD
  Expenses:Home:Rent                              2400.00 USD

2025-01-09 * "EDISON POWER" ""
  Assets:US:BofA:Checking                          -65.00 USD
  Expenses:Home:Electricity                         65.00 USD

2025-01-19 * "Verizon Wireless" ""
  Assets:US:BofA:Checking                          -59.80 USD
  Expenses:Home:Phone                               59.80 USD

2025-01-21 * "Wine-Tarner Cable" ""
  Assets:US:BofA:Checking                          -79.95 USD
  Expenses:Home:Internet                            79.95 USD

2025-01-28 balance Assets:US:BofA:Checking        4646.96 USD

2025-02-03 * "RiverBank Properties" "Paying the rent"
  Assets:US:BofA:Checking                        -2400.00 USD
  Expenses:Home:Rent                              2400.00 USD

2025-02-04 * "BANK FEES" "Monthly bank fee"
  Assets:US:BofA:Checking                           -4.00 USD
  Expenses:Financial:Fees                            4.00 USD

2025-02-08 * "EDISON POWER" ""
  Assets:US:BofA:Checking                          -65.00 USD
  Expenses:Home:Electricity                         65.00 USD

2025-02-14 * "Transfering accumulated savings to other account"
  Assets:US:BofA:Checking                           -3500 USD
  Assets:US:ETrade:Cash                              3500 USD

2025-02-19 * "Verizon Wireless" ""
  Assets:US:BofA:Checking                          -71.32 USD
  Expenses:Home:Phone                               71.32 USD

2025-02-22 * "Wine-Tarner Cable" ""
  Assets:US:BofA:Checking                          -79.93 USD
  Expenses:Home:Internet                            79.93 USD

2025-02-25 balance Assets:US:BofA:Checking         482.79 USD

2025-03-04 * "BANK FEES" "Monthly bank fee"
  Assets:US:BofA:Checking                           -4.00 USD
  Expenses:Financial:Fees                            4.00 USD

1980-05-12 open Liabilities:US:Chase:Slate                      USD

2023-01-03 * "Goba Goba" "Eating out with work buddies"
  Liabilities:US:Chase:Slate                       -53.16 USD
  Expenses:Food:Restaurant                          53.16 USD

2023-01-07 * "China Garden" "Eating out with Natasha"
  Liabilities:US:Chase:Slate                       -22.43 USD
  Expenses:Food:Restaurant                          22.43 USD

2023-01-08 * "Farmer Fresh" "Buying groceries"
  Liabilities:US:Chase:Slate                       -88.25 USD
  Expenses:Food:Groceries                           88.25 USD

2023-01-08 * "Chase:Slate" "Paying off credit card"
  Liabilities:US:Chase:Slate                       163.84 USD
  Assets:US:BofA:Checking                         -163.84 USD

2023-01-09 * "Jewel of Morroco" "Eating out with Bill"
  Liabilities:US:Chase:Slate                       -27.77 USD
  Expenses:Food:Restaurant                          27.77 USD

2023-01-11 * "Jewel of Morroco" "Eating out with Bill"
  Liabilities:US:Chase:Slate                       -36.29 USD
  Expenses:Food:Restaurant                          36.29 USD

2023-01-13 * "Rose Flower" "Eating out with Bill"
  Liabilities:US:Chase:Slate                       -17.16 USD
  Expenses:Food:Restaurant                          17.16 USD

2023-01-17 * "Chichipotle" "Eating out after work"
  Liabilities:US:Chase:Slate                       -26.18 USD
  Expenses:Food:Restaurant                          26.18 USD

2023-01-19 * "Rose Flower" "Eating out alone"
  Liabilities:US:Chase:Slate                       -29.06 USD
  Expenses:Food:Restaurant                          29.06 USD

2023-01-21 * "Chichipotle" "Eating out with work buddies"
  Liabilities:US:Chase:Slate                       -31.40 USD
  Expenses:Food:Restaurant                          31.40 USD

2023-01-21 * "Onion Market" "Buying groceries"
  Liabilities:US:Chase:Slate                       -44.76 USD
  Expenses:Food:Groceries                           44.76 USD

2023-01-24 * "Goba Goba" "Eating out with Joe"
  Liabilities:US:Chase:Slate                       -25.62 USD
  Expenses:Food:Restaurant                          25.62 USD

2023-01-26 * "Cafe Modagor" "Eating out with Julie"
  Liabilities:US:Chase:Slate                       -34.20 USD
  Expenses:Food:Restaurant                          34.20 USD

2023-01-27 * "Rose Flower" "Eating out with Bill"
  Liabilities:US:Chase:Slate                       -28.18 USD
  Expenses:Food:Restaurant                          28.18 USD

2023-01-28 balance Liabilities:US:Chase:Slate     -300.62 USD

2023-01-28 * "Metro Transport Authority" "Tram tickets"
  Liabilities:US:Chase:Slate                      -120.00 USD
  Expenses:Transport:Tram                          120.00 USD

2023-01-30 * "Goba Goba" "Eating out with Julie"
  Liabilities:US:Chase:Slate                       -37.01 USD
  Expenses:Food:Restaurant                          37.01 USD

2023-01-31 * "Chichipotle" "Eating out with work buddies"
  Liabilities:US:Chase:Slate                       -17.85 USD
  Expenses:Food:Restaurant                          17.85 USD

2023-02-02 * "Good Moods Market" "Buying groceries"
  Liabilities:US:Chase:Slate                       -91.76 USD
  Expenses:Food:Groceries                           91.76 USD

2023-02-04 * "Uncle Boons" "Eating out with Natasha"
  Liabilities:US:Chase:Slate                       -12.64 USD
  Expenses:Food:Restaurant                          12.64 USD

2023-02-08 * "Uncle Boons" "Eating out with Julie"
  Liabilities:US:Chase:Slate                       -18.23 USD
  Expenses:Food:Restaurant                          18.23 USD

2023-02-08 * "Chase:Slate" "Paying off credit card"
  Liabilities:US:Chase:Slate                       598.11 USD
  Assets:US:BofA:Checking                         -598.11 USD

2023-02-13 * "Rose Flower" "Eating out after work"
  Liabilities:US:Chase:Slate                       -25.68 USD
  Expenses:Food:Restaurant                          25.68 USD

2023-02-16 * "Chichipotle" "Eating out with Bill"
  Liabilities:US:Chase:Slate                       -24.76 USD
  Expenses:Food:Restaurant                          24.76 USD

2023-02-17 * "Cafe Modagor" "Eating out alone"
  Liabilities:US:Chase:Slate                       -53.74 USD
  Expenses:Food:Restaurant                          53.74 USD

2023-02-19 * "Corner Deli" "Buying groceries"
  Liabilities:US:Chase:Slate                       -59.01 USD
  Expenses:Food:Groceries                           59.01 USD

2023-02-21 * "Cafe Modagor" "Eating out alone"
  Liabilities:US:Chase:Slate                       -20.54 USD
  Expenses:Food:Restaurant                          20.54 USD

2023-02-22 * "Cafe Modagor" "Eating out alone"
  Liabilities:US:Chase:Slate                       -30.60 USD
  Expenses:Food:Restaurant                          30.60 USD

2023-02-23 * "Rose Flower" "Eating out with Natasha"
  Liabilities:US:Chase:Slate                       -48.97 USD
  Expenses:Food:Restaurant                          48.97 USD

2023-02-24 * "China Garden" "Eating out with work buddies"
  Liabilities:US:Chase:Slate                       -48.87 USD
  Expenses:Food:Restaurant                          48.87 USD

2023-02-25 balance Liabilities:US:Chase:Slate     -312.17 USD

2023-02-25 * "Rose Flower" "Eating out with Natasha"
  Liabilities:US:Chase:Slate                       -32.14 USD
  Expenses:Food:Restaurant                          32.14 USD

2023-02-27 * "Goba Goba" "Eating out with work buddies"
  Liabilities:US:Chase:Slate                       -40.90 USD
  Expenses:Food:Restaurant                          40.90 USD

2023-02-28 * "Metro Transport Authority" "Tram tickets"
  Liabilities:US:Chase:Slate                      -120.00 USD
  Expenses:Transport:Tram                          120.00 USD

2023-03-01 * "Onion Market" "Buying groceries"
  Liabilities:US:Chase:Slate                       -74.30 USD
  Expenses:Food:Groceries                           74.30 USD

2023-03-04 * "Rose Flower" "Eating out "
  Liabilities:US:Chase:Slate                       -22.61 USD
  Expenses:Food:Restaurant                          22.61 USD

2023-03-08 * "Cafe Modagor" "Eating out with work buddies"
  Liabilities:US:Chase:Slate                       -29.62 USD
  Expenses:Food:Restaurant                          29.62 USD

2023-03-09 * "Cafe Modagor" "Eating out with Natasha"
  Liabilities:US:Chase:Slate                       -25.43 USD
  Expenses:Food:Restaurant                          25.43 USD

2023-03-09 * "Chase:Slate" "Paying off credit card"
  Liabilities:US:Chase:Slate                       657.17 USD
  Assets:US:BofA:Checking                         -657.17 USD

2023-03-14 * "Jewel of Morroco" "Eating out "
  Liabilities:US:Chase:Slate                       -18.47 USD
  Expenses:Food:Restaurant                          18.47 USD

2023-03-14 * "Farmer Fresh" "Buying groceries"
  Liabilities:US:Chase:Slate                       -99.48 USD
  Expenses:Food:Groceries                           99.48 USD

2023-03-18 * "Kin Soy" "Eating out alone"
  Liabilities:US:Chase:Slate                       -27.06 USD
  Expenses:Food:Restaurant                          27.06 USD

2023-03-19 balance Liabilities:US:Chase:Slate     -145.01 USD

2023-03-22 * "Cafe Modagor" "Eating out "
  Liabilities:US:Chase:Slate                       -42.65 USD
  Expenses:Food:Restaurant                          42.65 USD

2023-03-23 * "Jewel of Morroco" "Eating out with work buddies"
  Liabilities:US:Chase:Slate                       -53.01 USD
  Expenses:Food:Restaurant                          53.01 USD

2023-03-26 * "China Garden" "Eating out with Joe"
  Liabilities:US:Chase:Slate                       -37.15 USD
  Expenses:Food:Restaurant                          37.15 USD

2023-03-29 * "Metro Transport Authority" "Tram tickets"
  Liabilities:US:Chase:Slate                      -120.00 USD
  Expenses:Transport:Tram                          120.00 USD

2023-03-31 * "Chichipotle" "Eating out with Joe"
  Liabilities:US:Chase:Slate                       -25.19 USD
  Expenses:Food:Restaurant                          25.19 USD

2023-03-31 * "Farmer Fresh" "Buying groceries"
  Liabilities:US:Chase:Slate                       -90.66 USD
  Expenses:Food:Groceries                           90.66 USD

2023-04-04 * "Kin Soy" "Eating out with Joe"
  Liabilities:US:Chase:Slate                        -8.88 USD
  Expenses:Food:Restaurant                           8.88 USD

2023-04-06 * "Chichipotle" "Eating out with Joe"
  Liabilities:US:Chase:Slate                       -24.81 USD
  Expenses:Food:Restaurant                          24.81 USD

2023-04-09 balance Liabilities:US:Chase:Slate     -547.36 USD

2023-04-10 * "Chase:Slate" "Paying off credit card"
  Liabilities:US:Chase:Slate                       569.73 USD
  Assets:US:BofA:Checking                         -569.73 USD

2023-04-11 * "Rose Flower" "Eating out "
  Liabilities:US:Chase:Slate                       -22.37 USD
  Expenses:Food:Restaurant                          22.37 USD

2023-04-11 * "Corner Deli" "Buying groceries"
  Liabilities:US:Chase:Slate                       -76.90 USD
  Expenses:Food:Groceries                           76.90 USD

2023-04-16 * "Cafe Modagor" "Eating out with work buddies"
  Liabilities:US:Chase:Slate                       -28.14 USD
  Expenses:Food:Restaurant                          28.14 USD

2023-04-19 * "Jewel of Morroco" "Eating out "
  Liabilities:US:Chase:Slate                       -43.74 USD
  Expenses:Food:Restaurant                          43.74 USD

2023-04-20 * "Onion Market" "Buying groceries"
  Liabilities:US:Chase:Slate                       -84.64 USD
  Expenses:Food:Groceries                           84.64 USD

2023-04-22 * "Chichipotle" "Eating out with Joe"
  Liabilities:US:Chase:Slate                       -33.75 USD
  Expenses:Food:Restaurant                          33.75 USD

2023-04-25 * "Cafe Modagor" "Eating out with Joe"
  Liabilities:US:Chase:Slate                       -24.15 USD
  Expenses:Food:Restaurant                          24.15 USD

2023-04-25 * "Metro Transport Authority" "Tram tickets"
  Liabilities:US:Chase:Slate                      -120.00 USD
  Expenses:Transport:Tram                          120.00 USD

2023-04-27 * "China Garden" "Eating out with Bill"
  Liabilities:US:Chase:Slate                       -26.49 USD
  Expenses:Food:Restaurant                          26.49 USD

2023-04-30 * "Farmer Fresh" "Buying groceries"
  Liabilities:US:Chase:Slate                       -99.59 USD
  Expenses:Food:Groceries                           99.59 USD

2023-05-02 * "China Garden" "Eating out with Bill"
  Liabilities:US:Chase:Slate                       -52.30 USD
  Expenses:Food:Restaurant                          52.30 USD

2023-05-05 balance Liabilities:US:Chase:Slate     -589.70 USD

2023-05-07 * "Kin Soy" "Eating out with Joe"
  Liabilities:US:Chase:Slate                       -21.73 USD
  Expenses:Food:Restaurant                          21.73 USD

2023-05-09 * "Uncle Boons" "Eating out after work"
  Liabilities:US:Chase:Slate                       -24.08 USD
  Expenses:Food:Restaurant                          24.08 USD

2023-05-09 * "Farmer Fresh" "Buying groceries"
  Liabilities:US:Chase:Slate                       -56.63 USD
  Expenses:Food:Groceries                           56.63 USD

2023-05-10 * "Uncle Boons" "Eating out after work"
  Liabilities:US:Chase:Slate                       -24.54 USD
  Expenses:Food:Restaurant                          24.54 USD

2023-05-10 * "Chase:Slate" "Paying off credit card"
  Liabilities:US:Chase:Slate                       716.68 USD
  Assets:US:BofA:Checking                         -716.68 USD

2023-05-12 * "China Garden" "Eating out with Natasha"
  Liabilities:US:Chase:Slate                       -47.19 USD
  Expenses:Food:Restaurant                          47.19 USD

2023-05-15 * "Goba Goba" "Eating out after work"
  Liabilities:US:Chase:Slate                       -21.25 USD
  Expenses:Food:Restaurant                          21.25 USD

2023-05-18 * "Rose Flower" "Eating out with work buddies"
  Liabilities:US:Chase:Slate                       -33.96 USD
  Expenses:Food:Restaurant                          33.96 USD

2023-05-20 * "Jewel of Morroco" "Eating out with Joe"
  Liabilities:US:Chase:Slate                       -43.12 USD
  Expenses:Food:Restaurant                          43.12 USD

2023-05-23 * "Jewel of Morroco" "Eating out with Joe"
  Liabilities:US:Chase:Slate                       -49.50 USD
  Expenses:Food:Restaurant                          49.50 USD

2023-05-23 * "Farmer Fresh" "Buying groceries"
  Liabilities:US:Chase:Slate                       -64.61 USD
  Expenses:Food:Groceries                           64.61 USD

2023-05-25 * "Rose Flower" "Eating out "
  Liabilities:US:Chase:Slate                       -38.72 USD
  Expenses:Food:Restaurant                          38.72 USD

2023-05-26 balance Liabilities:US:Chase:Slate     -298.35 USD

2023-05-26 * "Rose Flower" "Eating out with Joe"
  Liabilities:US:Chase:Slate                       -28.09 USD
  Expenses:Food:Restaurant                          28.09 USD

2023-05-27 * "Metro Transport Authority" "Tram tickets"
  Liabilities:US:Chase:Slate                      -120.00 USD
  Expenses:Transport:Tram                          120.00 USD

2023-05-30 * "Farmer Fresh" "Buying groceries"
  Liabilities:US:Chase:Slate                       -47.60 USD
  Expenses:Food:Groceries                           47.60 USD

2023-05-31 * "Jewel of Morroco" "Eating out with Julie"
  Liabilities:US:Chase:Slate                       -35.93 USD
  Expenses:Food:Restaurant                          35.93 USD

2023-06-04 * "Kin Soy" "Eating out with Julie"
  Liabilities:US:Chase:Slate                       -54.57 USD
  Expenses:Food:Restaurant                          54.57 USD

2023-06-06 * "Kin Soy" "Eating out after work"
  Liabilities:US:Chase:Slate                       -30.61 USD
  Expenses:Food:Restaurant                          30.61 USD

2023-06-07 * "Chase:Slate" "Paying off credit card"
  Liabilities:US:Chase:Slate                       646.50 USD
  Assets:US:BofA:Checking                         -646.50 USD

2023-06-08 * "Jewel of Morroco" "Eating out with work buddies"
  Liabilities:US:Chase:Slate                       -31.35 USD
  Expenses:Food:Restaurant                          31.35 USD

2023-06-12 * "Jewel of Morroco" "Eating out "
  Liabilities:US:Chase:Slate                       -29.58 USD
  Expenses:Food:Restaurant                          29.58 USD

2023-06-15 * "Rose Flower" "Eating out with work buddies"
  Liabilities:US:Chase:Slate                       -19.40 USD
  Expenses:Food:Restaurant                          19.40 USD

2023-06-17 * "Corner Deli" "Buying groceries"
  Liabilities:US:Chase:Slate                      -127.67 USD
  Expenses:Food:Groceries                          127.67 USD

2023-06-18 * "Goba Goba" "Eating out "
  Liabilities:US:Chase:Slate                       -26.95 USD
  Expenses:Food:Restaurant                          26.95 USD

2023-06-23 event "location" "Boston"

2023-06-24 balance Liabilities:US:Chase:Slate     -203.60 USD

2023-06-25 * "Giacomo's Restaurant" "" #trip-boston-2023
  Liabilities:US:Chase:Slate                       -38.38 USD
  Expenses:Food:Restaurant                          38.38 USD

2023-06-26 * "Legal Seafood" "" #trip-boston-2023
  Liabilities:US:Chase:Slate                       -30.37 USD
  Expenses:Food:Restaurant                          30.37 USD

2023-06-26 * "Franklin Cafe" "" #trip-boston-2023
  Liabilities:US:Chase:Slate                       -32.26 USD
  Expenses:Food:Restaurant                          32.26 USD

2023-06-27 * "Giacomo's Restaurant" "" #trip-boston-2023
  Liabilities:US:Chase:Slate                       -38.08 USD
  Expenses:Food:Restaurant                          38.08 USD

2023-06-28 * "Starbucks" "" #trip-boston-2023
  Liabilities:US:Chase:Slate                        -6.26 USD
  Expenses:Food:Coffee                               6.26 USD

2023-06-29 * "Giacomo's Restaurant" "" #trip-boston-2023
  Liabilities:US:Chase:Slate                       -34.90 USD
  Expenses:Food:Restaurant                          34.90 USD

2023-06-29 * "Legal Seafood" "" #trip-boston-2023
  Liabilities:US:Chase:Slate                       -34.16 USD
  Expenses:Food:Restaurant                          34.16 USD

2023-06-29 * "Franklin Cafe" "" #trip-boston-2023
  Liabilities:US:Chase:Slate                       -26.05 USD
  Expenses:Food:Restaurant                          26.05 USD

2023-06-30 * "Legal Seafood" "" #trip-boston-2023
  Liabilities:US:Chase:Slate                       -31.49 USD
  Expenses:Food:Restaurant                          31.49 USD

2023-06-30 * "Starbucks" "" #trip-boston-2023
  Liabilities:US:Chase:Slate                        -5.69 USD
  Expenses:Food:Coffee                               5.69 USD

2023-07-02 * "Starbucks" "" #trip-boston-2023
  Liabilities:US:Chase:Slate                        -5.25 USD
  Expenses:Food:Coffee                               5.25 USD

2023-07-03 * "Giacomo's Restaurant" "" #trip-boston-2023
  Liabilities:US:Chase:Slate                       -43.03 USD
  Expenses:Food:Restaurant                          43.03 USD

2023-07-03 * "Starbucks" "" #trip-boston-2023
  Liabilities:US:Chase:Slate                        -5.47 USD
  Expenses:Food:Coffee                               5.47 USD

2023-07-03 * "Consume vacation days"
  Assets:US:Babble:Vacation                           -80 VACHR
  Expenses:Vacation                                    80 VACHR

2023-07-03 event "location" "New Metropolis"

2023-07-04 * "Kin Soy" "Eating out after work"
  Liabilities:US:Chase:Slate                       -15.41 USD
  Expenses:Food:Restaurant                          15.41 USD

2023-07-07 * "Onion Market" "Buying groceries"
  Liabilities:US:Chase:Slate                       -74.81 USD
  Expenses:Food:Groceries                           74.81 USD

2023-07-09 * "Chichipotle" "Eating out after work"
  Liabilities:US:Chase:Slate                       -18.96 USD
  Expenses:Food:Restaurant                          18.96 USD

2023-07-10 * "China Garden" "Eating out with Julie"
  Liabilities:US:Chase:Slate                       -26.66 USD
  Expenses:Food:Restaurant                          26.66 USD

2023-07-11 * "Chase:Slate" "Paying off credit card"
  Liabilities:US:Chase:Slate                       362.28 USD
  Assets:US:BofA:Checking                         -362.28 USD

2023-07-14 * "Jewel of Morroco" "Eating out with Natasha"
  Liabilities:US:Chase:Slate                       -22.84 USD
  Expenses:Food:Restaurant                          22.84 USD

2023-07-15 * "China Garden" "Eating out after work"
  Liabilities:US:Chase:Slate                       -48.31 USD
  Expenses:Food:Restaurant                          48.31 USD

2023-07-18 balance Liabilities:US:Chase:Slate     -379.70 USD

2023-07-19 * "China Garden" "Eating out with work buddies"
  Liabilities:US:Chase:Slate                       -21.20 USD
  Expenses:Food:Restaurant                          21.20 USD

2023-07-20 * "Onion Market" "Buying groceries"
  Liabilities:US:Chase:Slate                      -103.37 USD
  Expenses:Food:Groceries                          103.37 USD

2023-07-24 * "Goba Goba" "Eating out with work buddies"
  Liabilities:US:Chase:Slate                       -47.96 USD
  Expenses:Food:Restaurant                          47.96 USD

2023-07-25 * "Metro Transport Authority" "Tram tickets"
  Liabilities:US:Chase:Slate                      -120.00 USD
  Expenses:Transport:Tram                          120.00 USD

2023-07-27 * "Jewel of Morroco" "Eating out with Natasha"
  Liabilities:US:Chase:Slate                       -31.40 USD
  Expenses:Food:Restaurant                          31.40 USD

2023-07-28 * "Goba Goba" "Eating out "
  Liabilities:US:Chase:Slate                       -26.47 USD
  Expenses:Food:Restaurant                          26.47 USD

2023-07-29 * "Kin Soy" "Eating out "
  Liabilities:US:Chase:Slate                       -28.46 USD
  Expenses:Food:Restaurant                          28.46 USD

2023-07-30 * "Good Moods Market" "Buying groceries"
  Liabilities:US:Chase:Slate                       -81.55 USD
  Expenses:Food:Groceries                           81.55 USD

2023-07-31 * "Cafe Modagor" "Eating out with Julie"
  Liabilities:US:Chase:Slate                       -34.04 USD
  Expenses:Food:Restaurant                          34.04 USD

2023-08-01 * "Jewel of Morroco" "Eating out with Natasha"
  Liabilities:US:Chase:Slate                       -27.17 USD
  Expenses:Food:Restaurant                          27.17 USD

2023-08-02 * "Uncle Boons" "Eating out with Julie"
  Liabilities:US:Chase:Slate                       -39.84 USD
  Expenses:Food:Restaurant                          39.84 USD

2023-08-07 * "Chichipotle" "Eating out alone"
  Liabilities:US:Chase:Slate                       -33.94 USD
  Expenses:Food:Restaurant                          33.94 USD

2023-08-09 * "Chase:Slate" "Paying off credit card"
  Liabilities:US:Chase:Slate                       688.55 USD
  Assets:US:BofA:Checking                         -688.55 USD

2023-08-10 * "China Garden" "Eating out alone"
  Liabilities:US:Chase:Slate                       -44.84 USD
  Expenses:Food:Restaurant                          44.84 USD

2023-08-14 balance Liabilities:US:Chase:Slate     -331.39 USD

2023-08-15 * "Kin Soy" "Eating out with Bill"
  Liabilities:US:Chase:Slate                       -17.20 USD
  Expenses:Food:Restaurant                          17.20 USD

2023-08-16 * "Kin Soy" "Eating out after work"
  Liabilities:US:Chase:Slate                       -31.21 USD
  Expenses:Food:Restaurant                          31.21 USD

2023-08-18 * "Jewel of Morroco" "Eating out after work"
  Liabilities:US:Chase:Slate                       -30.35 USD
  Expenses:Food:Restaurant                          30.35 USD

2023-08-19 * "Uncle Boons" "Eating out "
  Liabilities:US:Chase:Slate                       -23.73 USD
  Expenses:Food:Restaurant                          23.73 USD

2023-08-19 * "Good Moods Market" "Buying groceries"
  Liabilities:US:Chase:Slate                       -92.79 USD
  Expenses:Food:Groceries                           92.79 USD

2023-08-21 * "Jewel of Morroco" "Eating out with Natasha"
  Liabilities:US:Chase:Slate                       -52.42 USD
  Expenses:Food:Restaurant                          52.42 USD

2023-08-22 * "Goba Goba" "Eating out with Julie"
  Liabilities:US:Chase:Slate                       -47.67 USD
  Expenses:Food:Restaurant                          47.67 USD

2023-08-24 * "Farmer Fresh" "Buying groceries"
  Liabilities:US:Chase:Slate                       -83.06 USD
  Expenses:Food:Groceries                           83.06 USD

2023-08-27 * "Chichipotle" "Eating out with work buddies"
  Liabilities:US:Chase:Slate                       -31.00 USD
  Expenses:Food:Restaurant                          31.00 USD

2023-08-27 * "Metro Transport Authority" "Tram tickets"
  Liabilities:US:Chase:Slate                      -120.00 USD
  Expenses:Transport:Tram                          120.00 USD

2023-08-31 * "Uncle Boons" "Eating out with Bill"
  Liabilities:US:Chase:Slate                       -22.73 USD
  Expenses:Food:Restaurant                          22.73 USD

2023-09-05 * "Cafe Modagor" "Eating out with Natasha"
  Liabilities:US:Chase:Slate                       -64.01 USD
  Expenses:Food:Restaurant                          64.01 USD

2023-09-09 * "Cafe Modagor" "Eating out with work buddies"
  Liabilities:US:Chase:Slate                       -31.73 USD
  Expenses:Food:Restaurant                          31.73 USD

2023-09-09 * "Good Moods Market" "Buying groceries"
  Liabilities:US:Chase:Slate                       -75.11 USD
  Expenses:Food:Groceries                           75.11 USD

2023-09-09 * "Chase:Slate" "Paying off credit card"
  Liabilities:US:Chase:Slate                       647.90 USD
  Assets:US:BofA:Checking                         -647.90 USD

2023-09-11 balance Liabilities:US:Chase:Slate     -406.50 USD

2023-09-12 * "Chichipotle" "Eating out with Julie"
  Liabilities:US:Chase:Slate                       -24.12 USD
  Expenses:Food:Restaurant                          24.12 USD

2023-09-16 * "Jewel of Morroco" "Eating out alone"
  Liabilities:US:Chase:Slate                       -27.15 USD
  Expenses:Food:Restaurant                          27.15 USD

2023-09-17 * "Chichipotle" "Eating out after work"
  Liabilities:US:Chase:Slate                       -22.11 USD
  Expenses:Food:Restaurant                          22.11 USD

2023-09-20 * "Chichipotle" "Eating out with work buddies"
  Liabilities:US:Chase:Slate                       -14.78 USD
  Expenses:Food:Restaurant                          14.78 USD

2023-09-21 * "Farmer Fresh" "Buying groceries"
  Liabilities:US:Chase:Slate                       -48.17 USD
  Expenses:Food:Groceries                           48.17 USD

2023-09-22 * "Goba Goba" "Eating out with Joe"
  Liabilities:US:Chase:Slate                       -42.20 USD
  Expenses:Food:Restaurant                          42.20 USD

2023-09-24 * "Rose Flower" "Eating out after work"
  Liabilities:US:Chase:Slate                       -29.66 USD
  Expenses:Food:Restaurant                          29.66 USD

2023-09-25 * "Cafe Modagor" "Eating out with Joe"
  Liabilities:US:Chase:Slate                      -119.89 USD
  Expenses:Food:Restaurant                         119.89 USD

2023-09-26 * "Metro Transport Authority" "Tram tickets"
  Liabilities:US:Chase:Slate                      -120.00 USD
  Expenses:Transport:Tram                          120.00 USD

2023-09-27 * "Uncle Boons" "Eating out "
  Liabilities:US:Chase:Slate                       -22.48 USD
  Expenses:Food:Restaurant                          22.48 USD

2023-09-28 * "Rose Flower" "Eating out with Natasha"
  Liabilities:US:Chase:Slate                       -21.40 USD
  Expenses:Food:Restaurant                          21.40 USD

2023-09-28 * "Corner Deli" "Buying groceries"
  Liabilities:US:Chase:Slate                       -96.61 USD
  Expenses:Food:Groceries                           96.61 USD

2023-09-30 * "Uncle Boons" "Eating out with work buddies"
  Liabilities:US:Chase:Slate                       -21.04 USD
  Expenses:Food:Restaurant                          21.04 USD

2023-10-02 * "China Garden" "Eating out with Bill"
  Liabilities:US:Chase:Slate                       -29.05 USD
  Expenses:Food:Restaurant                          29.05 USD

2023-10-05 * "Chichipotle" "Eating out with Bill"
  Liabilities:US:Chase:Slate                       -51.87 USD
  Expenses:Food:Restaurant                          51.87 USD

2023-10-06 * "Rose Flower" "Eating out alone"
  Liabilities:US:Chase:Slate                       -20.01 USD
  Expenses:Food:Restaurant                          20.01 USD

2023-10-07 * "Chichipotle" "Eating out with Julie"
  Liabilities:US:Chase:Slate                       -35.42 USD
  Expenses:Food:Restaurant                          35.42 USD

2023-10-07 * "Chase:Slate" "Paying off credit card"
  Liabilities:US:Chase:Slate                       821.07 USD
  Assets:US:BofA:Checking                         -821.07 USD

2023-10-08 * "Rose Flower" "Eating out alone"
  Liabilities:US:Chase:Slate                       -29.37 USD
  Expenses:Food:Restaurant                          29.37 USD

2023-10-10 * "China Garden" "Eating out with Joe"
  Liabilities:US:Chase:Slate                       -24.50 USD
  Expenses:Food:Restaurant                          24.50 USD

2023-10-11 balance Liabilities:US:Chase:Slate     -385.26 USD

2023-10-14 * "Jewel of Morroco" "Eating out with Julie"
  Liabilities:US:Chase:Slate                       -60.15 USD
  Expenses:Food:Restaurant                          60.15 USD

2023-10-15 * "Onion Market" "Buying groceries"
  Liabilities:US:Chase:Slate                       -72.59 USD
  Expenses:Food:Groceries                           72.59 USD

2023-10-18 * "Kin Soy" "Eating out alone"
  Liabilities:US:Chase:Slate                       -27.61 USD
  Expenses:Food:Restaurant                          27.61 USD

2023-10-21 * "Kin Soy" "Eating out with Bill"
  Liabilities:US:Chase:Slate                       -24.08 USD
  Expenses:Food:Restaurant                          24.08 USD

2023-10-23 * "Metro Transport Authority" "Tram tickets"
  Liabilities:US:Chase:Slate                      -120.00 USD
  Expenses:Transport:Tram                          120.00 USD

2023-10-24 * "Kin Soy" "Eating out with Joe"
  Liabilities:US:Chase:Slate                       -28.24 USD
  Expenses:Food:Restaurant                          28.24 USD

2023-10-27 * "Goba Goba" "Eating out alone"
  Liabilities:US:Chase:Slate                       -30.23 USD
  Expenses:Food:Restaurant                          30.23 USD

2023-10-30 * "China Garden" "Eating out "
  Liabilities:US:Chase:Slate                       -21.66 USD
  Expenses:Food:Restaurant                          21.66 USD

2023-11-01 balance Liabilities:US:Chase:Slate     -769.82 USD

2023-11-02 * "Onion Market" "Buying groceries"
  Liabilities:US:Chase:Slate                      -100.81 USD
  Expenses:Food:Groceries                          100.81 USD

2023-11-04 * "Kin Soy" "Eating out with Julie"
  Liabilities:US:Chase:Slate                       -21.54 USD
  Expenses:Food:Restaurant                          21.54 USD

2023-11-07 * "Kin Soy" "Eating out "
  Liabilities:US:Chase:Slate                       -34.23 USD
  Expenses:Food:Restaurant                          34.23 USD

2023-11-08 * "Chase:Slate" "Paying off credit card"
  Liabilities:US:Chase:Slate                       613.34 USD
  Assets:US:BofA:Checking                         -613.34 USD

2023-11-10 * "Goba Goba" "Eating out with Natasha"
  Liabilities:US:Chase:Slate                       -18.33 USD
  Expenses:Food:Restaurant                          18.33 USD

2023-11-11 * "Onion Market" "Buying groceries"
  Liabilities:US:Chase:Slate                      -108.30 USD
  Expenses:Food:Groceries                          108.30 USD

2023-11-15 * "Rose Flower" "Eating out with Julie"
  Liabilities:US:Chase:Slate                       -25.40 USD
  Expenses:Food:Restaurant                          25.40 USD

2023-11-18 * "Jewel of Morroco" "Eating out with Bill"
  Liabilities:US:Chase:Slate                       -41.49 USD
  Expenses:Food:Restaurant                          41.49 USD

2023-11-20 * "Cafe Modagor" "Eating out with Joe"
  Liabilities:US:Chase:Slate                       -53.49 USD
  Expenses:Food:Restaurant                          53.49 USD

2023-11-23 * "Jewel of Morroco" "Eating out "
  Liabilities:US:Chase:Slate                       -12.96 USD
  Expenses:Food:Restaurant                          12.96 USD

2023-11-25 * "Metro Transport Authority" "Tram tickets"
  Liabilities:US:Chase:Slate                      -120.00 USD
  Expenses:Transport:Tram                          120.00 USD

2023-11-26 * "Good Moods Market" "Buying groceries"
  Liabilities:US:Chase:Slate                       -90.30 USD
  Expenses:Food:Groceries                           90.30 USD

2023-11-28 * "China Garden" "Eating out with Julie"
  Liabilities:US:Chase:Slate                       -59.56 USD
  Expenses:Food:Restaurant                          59.56 USD

2023-11-29 * "China Garden" "Eating out alone"
  Liabilities:US:Chase:Slate                       -46.37 USD
  Expenses:Food:Restaurant                          46.37 USD

2023-12-01 balance Liabilities:US:Chase:Slate     -889.26 USD

2023-12-03 * "Chichipotle" "Eating out with Bill"
  Liabilities:US:Chase:Slate                       -27.82 USD
  Expenses:Food:Restaurant                          27.82 USD

2023-12-05 * "Cafe Modagor" "Eating out with Bill"
  Liabilities:US:Chase:Slate                       -40.83 USD
  Expenses:Food:Restaurant                          40.83 USD

2023-12-07 * "Onion Market" "Buying groceries"
  Liabilities:US:Chase:Slate                       -69.53 USD
  Expenses:Food:Groceries                           69.53 USD

2023-12-08 * "Rose Flower" "Eating out with work buddies"
  Liabilities:US:Chase:Slate                       -32.00 USD
  Expenses:Food:Restaurant                          32.00 USD

2023-12-09 * "China Garden" "Eating out with work buddies"
  Liabilities:US:Chase:Slate                       -24.68 USD
  Expenses:Food:Restaurant                          24.68 USD

2023-12-09 * "Chase:Slate" "Paying off credit card"
  Liabilities:US:Chase:Slate                       752.73 USD
  Assets:US:BofA:Checking                         -752.73 USD

2023-12-14 * "Jewel of Morroco" "Eating out alone"
  Liabilities:US:Chase:Slate                       -58.08 USD
  Expenses:Food:Restaurant                          58.08 USD

2023-12-16 * "Cafe Modagor" "Eating out with Joe"
  Liabilities:US:Chase:Slate                       -10.88 USD
  Expenses:Food:Restaurant                          10.88 USD

2023-12-19 * "Goba Goba" "Eating out after work"
  Liabilities:US:Chase:Slate                       -21.44 USD
  Expenses:Food:Restaurant                          21.44 USD

2023-12-21 * "Rose Flower" "Eating out after work"
  Liabilities:US:Chase:Slate                       -31.47 USD
  Expenses:Food:Restaurant                          31.47 USD

2023-12-22 * "Metro Transport Authority" "Tram tickets"
  Liabilities:US:Chase:Slate                      -120.00 USD
  Expenses:Transport:Tram                          120.00 USD

2023-12-24 * "Corner Deli" "Buying groceries"
  Liabilities:US:Chase:Slate                       -59.89 USD
  Expenses:Food:Groceries                           59.89 USD

2023-12-25 * "Goba Goba" "Eating out with Julie"
  Liabilities:US:Chase:Slate                       -33.26 USD
  Expenses:Food:Restaurant                          33.26 USD

2023-12-26 balance Liabilities:US:Chase:Slate     -666.41 USD

2023-12-28 * "Jewel of Morroco" "Eating out after work"
  Liabilities:US:Chase:Slate                       -15.01 USD
  Expenses:Food:Restaurant                          15.01 USD

2023-12-29 * "Farmer Fresh" "Buying groceries"
  Liabilities:US:Chase:Slate                       -53.87 USD
  Expenses:Food:Groceries                           53.87 USD

2024-01-02 * "Jewel of Morroco" "Eating out with Bill"
  Liabilities:US:Chase:Slate                       -15.75 USD
  Expenses:Food:Restaurant                          15.75 USD

2024-01-07 * "Cafe Modagor" "Eating out with work buddies"
  Liabilities:US:Chase:Slate                       -32.46 USD
  Expenses:Food:Restaurant                          32.46 USD

2024-01-10 * "Rose Flower" "Eating out after work"
  Liabilities:US:Chase:Slate                       -19.07 USD
  Expenses:Food:Restaurant                          19.07 USD

2024-01-11 * "Chichipotle" "Eating out after work"
  Liabilities:US:Chase:Slate                       -32.05 USD
  Expenses:Food:Restaurant                          32.05 USD

2024-01-11 * "Chase:Slate" "Paying off credit card"
  Liabilities:US:Chase:Slate                       503.23 USD
  Assets:US:BofA:Checking                         -503.23 USD

2024-01-15 * "Rose Flower" "Eating out after work"
  Liabilities:US:Chase:Slate                       -31.11 USD
  Expenses:Food:Restaurant                          31.11 USD

2024-01-18 * "Goba Goba" "Eating out with Julie"
  Liabilities:US:Chase:Slate                       -17.47 USD
  Expenses:Food:Restaurant                          17.47 USD

2024-01-18 * "Good Moods Market" "Buying groceries"
  Liabilities:US:Chase:Slate                       -77.36 USD
  Expenses:Food:Groceries                           77.36 USD

2024-01-19 balance Liabilities:US:Chase:Slate     -457.33 USD

2024-01-20 * "Metro Transport Authority" "Tram tickets"
  Liabilities:US:Chase:Slate                      -120.00 USD
  Expenses:Transport:Tram                          120.00 USD

2024-01-23 * "Goba Goba" "Eating out alone"
  Liabilities:US:Chase:Slate                       -19.36 USD
  Expenses:Food:Restaurant                          19.36 USD

2024-01-25 * "China Garden" "Eating out alone"
  Liabilities:US:Chase:Slate                       -56.36 USD
  Expenses:Food:Restaurant                          56.36 USD

2024-01-25 * "Onion Market" "Buying groceries"
  Liabilities:US:Chase:Slate                       -87.95 USD
  Expenses:Food:Groceries                           87.95 USD

2024-01-30 * "Rose Flower" "Eating out with Natasha"
  Liabilities:US:Chase:Slate                       -29.46 USD
  Expenses:Food:Restaurant                          29.46 USD

2024-02-01 * "Chichipotle" "Eating out with Natasha"
  Liabilities:US:Chase:Slate                       -35.22 USD
  Expenses:Food:Restaurant                          35.22 USD

2024-02-02 * "Farmer Fresh" "Buying groceries"
  Liabilities:US:Chase:Slate                       -49.77 USD
  Expenses:Food:Groceries                           49.77 USD

2024-02-04 * "Cafe Modagor" "Eating out with work buddies"
  Liabilities:US:Chase:Slate                       -53.96 USD
  Expenses:Food:Restaurant                          53.96 USD

2024-02-08 * "Jewel of Morroco" "Eating out with work buddies"
  Liabilities:US:Chase:Slate                       -10.92 USD
  Expenses:Food:Restaurant                          10.92 USD

2024-02-08 * "Chase:Slate" "Paying off credit card"
  Liabilities:US:Chase:Slate                       588.94 USD
  Assets:US:BofA:Checking                         -588.94 USD

2024-02-12 balance Liabilities:US:Chase:Slate     -331.39 USD

2024-02-13 * "Jewel of Morroco" "Eating out alone"
  Liabilities:US:Chase:Slate                       -37.54 USD
  Expenses:Food:Restaurant                          37.54 USD

2024-02-13 * "Corner Deli" "Buying groceries"
  Liabilities:US:Chase:Slate                       -78.37 USD
  Expenses:Food:Groceries                           78.37 USD

2024-02-18 * "Rose Flower" "Eating out after work"
  Liabilities:US:Chase:Slate                       -37.72 USD
  Expenses:Food:Restaurant                          37.72 USD

2024-02-18 * "Metro Transport Authority" "Tram tickets"
  Liabilities:US:Chase:Slate                      -120.00 USD
  Expenses:Transport:Tram                          120.00 USD

2024-02-20 * "Goba Goba" "Eating out with work buddies"
  Liabilities:US:Chase:Slate                       -29.04 USD
  Expenses:Food:Restaurant                          29.04 USD

2024-02-21 * "Farmer Fresh" "Buying groceries"
  Liabilities:US:Chase:Slate                       -74.38 USD
  Expenses:Food:Groceries                           74.38 USD

2024-02-25 * "Cafe Modagor" "Eating out with Joe"
  Liabilities:US:Chase:Slate                       -25.81 USD
  Expenses:Food:Restaurant                          25.81 USD

2024-02-27 * "Onion Market" "Buying groceries"
  Liabilities:US:Chase:Slate                       -48.32 USD
  Expenses:Food:Groceries                           48.32 USD

2024-02-29 * "China Garden" "Eating out with Bill"
  Liabilities:US:Chase:Slate                       -25.18 USD
  Expenses:Food:Restaurant                          25.18 USD

2024-03-03 * "Uncle Boons" "Eating out with Joe"
  Liabilities:US:Chase:Slate                       -28.55 USD
  Expenses:Food:Restaurant                          28.55 USD

2024-03-06 balance Liabilities:US:Chase:Slate     -836.30 USD

2024-03-07 * "Jewel of Morroco" "Eating out after work"
  Liabilities:US:Chase:Slate                       -27.86 USD
  Expenses:Food:Restaurant                          27.86 USD

2024-03-08 * "Onion Market" "Buying groceries"
  Liabilities:US:Chase:Slate                       -70.12 USD
  Expenses:Food:Groceries                           70.12 USD

2024-03-09 * "Chase:Slate" "Paying off credit card"
  Liabilities:US:Chase:Slate                       642.70 USD
  Assets:US:BofA:Checking                         -642.70 USD

2024-03-11 * "China Garden" "Eating out with Joe"
  Liabilities:US:Chase:Slate                       -39.81 USD
  Expenses:Food:Restaurant                          39.81 USD

2024-03-15 * "China Garden" "Eating out with Natasha"
  Liabilities:US:Chase:Slate                       -27.66 USD
  Expenses:Food:Restaurant                          27.66 USD

2024-03-18 * "Metro Transport Authority" "Tram tickets"
  Liabilities:US:Chase:Slate                      -120.00 USD
  Expenses:Transport:Tram                          120.00 USD

2024-03-19 * "Kin Soy" "Eating out with Julie"
  Liabilities:US:Chase:Slate                       -51.73 USD
  Expenses:Food:Restaurant                          51.73 USD

2024-03-22 * "Rose Flower" "Eating out with Bill"
  Liabilities:US:Chase:Slate                       -22.04 USD
  Expenses:Food:Restaurant                          22.04 USD

2024-03-26 * "Jewel of Morroco" "Eating out with Julie"
  Liabilities:US:Chase:Slate                       -23.21 USD
  Expenses:Food:Restaurant                          23.21 USD

2024-03-28 * "Corner Deli" "Buying groceries"
  Liabilities:US:Chase:Slate                       -80.24 USD
  Expenses:Food:Groceries                           80.24 USD

2024-03-29 * "Chichipotle" "Eating out with Natasha"
  Liabilities:US:Chase:Slate                       -23.22 USD
  Expenses:Food:Restaurant                          23.22 USD

2024-03-30 balance Liabilities:US:Chase:Slate     -679.49 USD

2024-04-01 * "Jewel of Morroco" "Eating out with Bill"
  Liabilities:US:Chase:Slate                       -22.75 USD
  Expenses:Food:Restaurant                          22.75 USD

2024-04-06 * "Rose Flower" "Eating out with Joe"
  Liabilities:US:Chase:Slate                       -17.36 USD
  Expenses:Food:Restaurant                          17.36 USD

2024-04-08 * "Chase:Slate" "Paying off credit card"
  Liabilities:US:Chase:Slate                       493.22 USD
  Assets:US:BofA:Checking                         -493.22 USD

2024-04-09 * "Corner Deli" "Buying groceries"
  Liabilities:US:Chase:Slate                      -105.01 USD
  Expenses:Food:Groceries                          105.01 USD

2024-04-10 * "Uncle Boons" "Eating out "
  Liabilities:US:Chase:Slate                       -18.01 USD
  Expenses:Food:Restaurant                          18.01 USD

2024-04-15 * "Chichipotle" "Eating out with Bill"
  Liabilities:US:Chase:Slate                       -75.53 USD
  Expenses:Food:Restaurant                          75.53 USD

2024-04-15 * "Farmer Fresh" "Buying groceries"
  Liabilities:US:Chase:Slate                       -94.34 USD
  Expenses:Food:Groceries                           94.34 USD

2024-04-16 * "Metro Transport Authority" "Tram tickets"
  Liabilities:US:Chase:Slate                      -120.00 USD
  Expenses:Transport:Tram                          120.00 USD

2024-04-20 * "Uncle Boons" "Eating out with work buddies"
  Liabilities:US:Chase:Slate                       -32.38 USD
  Expenses:Food:Restaurant                          32.38 USD

2024-04-21 * "Uncle Boons" "Eating out alone"
  Liabilities:US:Chase:Slate                       -22.66 USD
  Expenses:Food:Restaurant                          22.66 USD

2024-04-24 * "Rose Flower" "Eating out with work buddies"
  Liabilities:US:Chase:Slate                       -36.65 USD
  Expenses:Food:Restaurant                          36.65 USD

2024-04-27 balance Liabilities:US:Chase:Slate     -730.96 USD

2024-04-28 * "Uncle Boons" "Eating out with Joe"
  Liabilities:US:Chase:Slate                       -33.69 USD
  Expenses:Food:Restaurant                          33.69 USD

2024-04-30 * "Uncle Boons" "Eating out with work buddies"
  Liabilities:US:Chase:Slate                       -20.43 USD
  Expenses:Food:Restaurant                          20.43 USD

2024-05-04 * "Onion Market" "Buying groceries"
  Liabilities:US:Chase:Slate                      -121.63 USD
  Expenses:Food:Groceries                          121.63 USD

2024-05-05 * "Kin Soy" "Eating out after work"
  Liabilities:US:Chase:Slate                       -32.37 USD
  Expenses:Food:Restaurant                          32.37 USD

2024-05-08 * "China Garden" "Eating out with Julie"
  Liabilities:US:Chase:Slate                       -29.85 USD
  Expenses:Food:Restaurant                          29.85 USD

2024-05-10 * "Chase:Slate" "Paying off credit card"
  Liabilities:US:Chase:Slate                       669.06 USD
  Assets:US:BofA:Checking                         -669.06 USD

2024-05-12 * "Jewel of Morroco" "Eating out with work buddies"
  Liabilities:US:Chase:Slate                       -31.52 USD
  Expenses:Food:Restaurant                          31.52 USD

2024-05-16 * "Goba Goba" "Eating out with Julie"
  Liabilities:US:Chase:Slate                       -29.81 USD
  Expenses:Food:Restaurant                          29.81 USD

2024-05-19 * "Metro Transport Authority" "Tram tickets"
  Liabilities:US:Chase:Slate                      -120.00 USD
  Expenses:Transport:Tram                          120.00 USD

2024-05-20 * "Jewel of Morroco" "Eating out with Bill"
  Liabilities:US:Chase:Slate                       -60.02 USD
  Expenses:Food:Restaurant                          60.02 USD

2024-05-21 balance Liabilities:US:Chase:Slate     -541.22 USD

2024-05-21 * "Corner Deli" "Buying groceries"
  Liabilities:US:Chase:Slate                       -91.78 USD
  Expenses:Food:Groceries                           91.78 USD

2024-05-25 * "Uncle Boons" "Eating out "
  Liabilities:US:Chase:Slate                       -37.05 USD
  Expenses:Food:Restaurant                          37.05 USD

2024-05-30 * "China Garden" "Eating out after work"
  Liabilities:US:Chase:Slate                       -18.51 USD
  Expenses:Food:Restaurant                          18.51 USD

2024-05-31 * "Corner Deli" "Buying groceries"
  Liabilities:US:Chase:Slate                      -118.78 USD
  Expenses:Food:Groceries                          118.78 USD

2024-06-04 * "Goba Goba" "Eating out with Julie"
  Liabilities:US:Chase:Slate                       -57.37 USD
  Expenses:Food:Restaurant                          57.37 USD

2024-06-06 * "Uncle Boons" "Eating out with Bill"
  Liabilities:US:Chase:Slate                       -36.65 USD
  Expenses:Food:Restaurant                          36.65 USD

2024-06-08 event "location" "Boston"

2024-06-09 * "Giacomo's Restaurant" "" #trip-boston-2024
  Liabilities:US:Chase:Slate                       -41.38 USD
  Expenses:Food:Restaurant                          41.38 USD

2024-06-09 * "Legal Seafood" "" #trip-boston-2024
  Liabilities:US:Chase:Slate                       -30.09 USD
  Expenses:Food:Restaurant                          30.09 USD

2024-06-09 * "Chase:Slate" "Paying off credit card"
  Liabilities:US:Chase:Slate                       594.82 USD
  Assets:US:BofA:Checking                         -594.82 USD

2024-06-10 * "Legal Seafood" "" #trip-boston-2024
  Liabilities:US:Chase:Slate                       -37.39 USD
  Expenses:Food:Restaurant                          37.39 USD

2024-06-11 * "Giacomo's Restaurant" "" #trip-boston-2024
  Liabilities:US:Chase:Slate                       -41.14 USD
  Expenses:Food:Restaurant                          41.14 USD

2024-06-11 * "Starbucks" "" #trip-boston-2024
  Liabilities:US:Chase:Slate                        -4.79 USD
  Expenses:Food:Coffee                               4.79 USD

2024-06-12 * "Giacomo's Restaurant" "" #trip-boston-2024
  Liabilities:US:Chase:Slate                       -37.28 USD
  Expenses:Food:Restaurant                          37.28 USD

2024-06-12 * "Franklin Cafe" "" #trip-boston-2024
  Liabilities:US:Chase:Slate                       -33.44 USD
  Expenses:Food:Restaurant                          33.44 USD

2024-06-13 * "Legal Seafood" "" #trip-boston-2024
  Liabilities:US:Chase:Slate                       -40.12 USD
  Expenses:Food:Restaurant                          40.12 USD

2024-06-14 * "Legal Seafood" "" #trip-boston-2024
  Liabilities:US:Chase:Slate                       -39.04 USD
  Expenses:Food:Restaurant                          39.04 USD

2024-06-14 * "Starbucks" "" #trip-boston-2024
  Liabilities:US:Chase:Slate                        -6.96 USD
  Expenses:Food:Coffee                               6.96 USD

2024-06-15 * "Legal Seafood" "" #trip-boston-2024
  Liabilities:US:Chase:Slate                       -26.64 USD
  Expenses:Food:Restaurant                          26.64 USD

2024-06-15 * "Starbucks" "" #trip-boston-2024
  Liabilities:US:Chase:Slate                        -5.59 USD
  Expenses:Food:Coffee                               5.59 USD

2024-06-18 * "Giacomo's Restaurant" "" #trip-boston-2024
  Liabilities:US:Chase:Slate                       -44.16 USD
  Expenses:Food:Restaurant                          44.16 USD

2024-06-18 * "Legal Seafood" "" #trip-boston-2024
  Liabilities:US:Chase:Slate                       -28.68 USD
  Expenses:Food:Restaurant                          28.68 USD

2024-06-20 balance Liabilities:US:Chase:Slate     -723.24 USD

2024-06-20 * "Franklin Cafe" "" #trip-boston-2024
  Liabilities:US:Chase:Slate                       -29.64 USD
  Expenses:Food:Restaurant                          29.64 USD

2024-06-21 * "Giacomo's Restaurant" "" #trip-boston-2024
  Liabilities:US:Chase:Slate                       -41.71 USD
  Expenses:Food:Restaurant                          41.71 USD

2024-06-21 * "Legal Seafood" "" #trip-boston-2024
  Liabilities:US:Chase:Slate                       -37.03 USD
  Expenses:Food:Restaurant                          37.03 USD

2024-06-22 * "Giacomo's Restaurant" "" #trip-boston-2024
  Liabilities:US:Chase:Slate                       -42.84 USD
  Expenses:Food:Restaurant                          42.84 USD

2024-06-22 * "Legal Seafood" "" #trip-boston-2024
  Liabilities:US:Chase:Slate                       -41.30 USD
  Expenses:Food:Restaurant                          41.30 USD

2024-06-22 * "Franklin Cafe" "" #trip-boston-2024
  Liabilities:US:Chase:Slate                       -27.04 USD
  Expenses:Food:Restaurant                          27.04 USD

2024-06-23 * "Franklin Cafe" "" #trip-boston-2024
  Liabilities:US:Chase:Slate                       -31.43 USD
  Expenses:Food:Restaurant                          31.43 USD

2024-06-24 * "Giacomo's Restaurant" "" #trip-boston-2024
  Liabilities:US:Chase:Slate                       -40.23 USD
  Expenses:Food:Restaurant                          40.23 USD

2024-06-25 * "Consume vacation days"
  Assets:US:Babble:Vacation                          -136 VACHR
  Expenses:Vacation                                   136 VACHR

2024-06-25 event "location" "New Metropolis"

2024-06-26 * "Uncle Boons" "Eating out alone"
  Liabilities:US:Chase:Slate                       -24.85 USD
  Expenses:Food:Restaurant                          24.85 USD

2024-06-27 * "Uncle Boons" "Eating out with Natasha"
  Liabilities:US:Chase:Slate                       -31.06 USD
  Expenses:Food:Restaurant                          31.06 USD

2024-06-27 * "Onion Market" "Buying groceries"
  Liabilities:US:Chase:Slate                       -55.60 USD
  Expenses:Food:Groceries                           55.60 USD

2024-06-28 * "Chichipotle" "Eating out with Joe"
  Liabilities:US:Chase:Slate                       -37.18 USD
  Expenses:Food:Restaurant                          37.18 USD

2024-06-30 * "Goba Goba" "Eating out after work"
  Liabilities:US:Chase:Slate                       -21.49 USD
  Expenses:Food:Restaurant                          21.49 USD

2024-07-04 * "Jewel of Morroco" "Eating out with Natasha"
  Liabilities:US:Chase:Slate                       -19.69 USD
  Expenses:Food:Restaurant                          19.69 USD

2024-07-06 * "Goba Goba" "Eating out with Julie"
  Liabilities:US:Chase:Slate                       -29.74 USD
  Expenses:Food:Restaurant                          29.74 USD

2024-07-08 * "Chichipotle" "Eating out with Bill"
  Liabilities:US:Chase:Slate                       -50.80 USD
  Expenses:Food:Restaurant                          50.80 USD

2024-07-08 * "Chase:Slate" "Paying off credit card"
  Liabilities:US:Chase:Slate                       245.56 USD
  Assets:US:BofA:Checking                         -245.56 USD

2024-07-12 * "China Garden" "Eating out with Natasha"
  Liabilities:US:Chase:Slate                       -14.62 USD
  Expenses:Food:Restaurant                          14.62 USD

2024-07-14 * "Jewel of Morroco" "Eating out with Julie"
  Liabilities:US:Chase:Slate                       -27.15 USD
  Expenses:Food:Restaurant                          27.15 USD

2024-07-14 * "Farmer Fresh" "Buying groceries"
  Liabilities:US:Chase:Slate                      -107.94 USD
  Expenses:Food:Groceries                          107.94 USD

2024-07-17 balance Liabilities:US:Chase:Slate    -1189.02 USD

2024-07-18 * "Metro Transport Authority" "Tram tickets"
  Liabilities:US:Chase:Slate                      -120.00 USD
  Expenses:Transport:Tram                          120.00 USD

2024-07-19 * "Kin Soy" "Eating out with work buddies"
  Liabilities:US:Chase:Slate                       -85.51 USD
  Expenses:Food:Restaurant                          85.51 USD

2024-07-20 * "Uncle Boons" "Eating out after work"
  Liabilities:US:Chase:Slate                       -27.11 USD
  Expenses:Food:Restaurant                          27.11 USD

2024-07-22 * "Jewel of Morroco" "Eating out with Natasha"
  Liabilities:US:Chase:Slate                       -31.72 USD
  Expenses:Food:Restaurant                          31.72 USD

2024-07-26 * "China Garden" "Eating out with work buddies"
  Liabilities:US:Chase:Slate                       -28.15 USD
  Expenses:Food:Restaurant                          28.15 USD

2024-07-27 * "Farmer Fresh" "Buying groceries"
  Liabilities:US:Chase:Slate                       -87.12 USD
  Expenses:Food:Groceries                           87.12 USD

2024-07-28 * "Jewel of Morroco" "Eating out with work buddies"
  Liabilities:US:Chase:Slate                       -30.47 USD
  Expenses:Food:Restaurant                          30.47 USD

2024-08-01 * "Rose Flower" "Eating out after work"
  Liabilities:US:Chase:Slate                       -25.08 USD
  Expenses:Food:Restaurant                          25.08 USD

2024-08-03 * "Cafe Modagor" "Eating out with Natasha"
  Liabilities:US:Chase:Slate                       -28.76 USD
  Expenses:Food:Restaurant                          28.76 USD

2024-08-04 * "Onion Market" "Buying groceries"
  Liabilities:US:Chase:Slate                       -91.39 USD
  Expenses:Food:Groceries                           91.39 USD

2024-08-06 * "China Garden" "Eating out alone"
  Liabilities:US:Chase:Slate                       -43.11 USD
  Expenses:Food:Restaurant                          43.11 USD

2024-08-09 balance Liabilities:US:Chase:Slate    -1787.44 USD

2024-08-09 * "Goba Goba" "Eating out with Bill"
  Liabilities:US:Chase:Slate                       -48.01 USD
  Expenses:Food:Restaurant                          48.01 USD

2024-08-09 * "Chase:Slate" "Paying off credit card"
  Liabilities:US:Chase:Slate                       796.14 USD
  Assets:US:BofA:Checking                         -796.14 USD

2024-08-10 * "Uncle Boons" "Eating out with Bill"
  Liabilities:US:Chase:Slate                       -34.24 USD
  Expenses:Food:Restaurant                          34.24 USD

2024-08-13 * "Jewel of Morroco" "Eating out with Natasha"
  Liabilities:US:Chase:Slate                       -28.25 USD
  Expenses:Food:Restaurant                          28.25 USD

2024-08-15 * "Rose Flower" "Eating out with work buddies"
  Liabilities:US:Chase:Slate                       -50.39 USD
  Expenses:Food:Restaurant                          50.39 USD

2024-08-18 * "Good Moods Market" "Buying groceries"
  Liabilities:US:Chase:Slate                       -61.38 USD
  Expenses:Food:Groceries                           61.38 USD

2024-08-18 * "Metro Transport Authority" "Tram tickets"
  Liabilities:US:Chase:Slate                      -120.00 USD
  Expenses:Transport:Tram                          120.00 USD

2024-08-19 * "Chichipotle" "Eating out with Julie"
  Liabilities:US:Chase:Slate                       -38.08 USD
  Expenses:Food:Restaurant                          38.08 USD

2024-08-21 * "Jewel of Morroco" "Eating out with work buddies"
  Liabilities:US:Chase:Slate                       -72.18 USD
  Expenses:Food:Restaurant                          72.18 USD

2024-08-24 * "Jewel of Morroco" "Eating out with work buddies"
  Liabilities:US:Chase:Slate                       -31.10 USD
  Expenses:Food:Restaurant                          31.10 USD

2024-08-27 * "Uncle Boons" "Eating out with Bill"
  Liabilities:US:Chase:Slate                       -23.73 USD
  Expenses:Food:Restaurant                          23.73 USD

2024-08-31 balance Liabilities:US:Chase:Slate    -1498.66 USD

2024-09-01 * "Rose Flower" "Eating out with Joe"
  Liabilities:US:Chase:Slate                       -29.45 USD
  Expenses:Food:Restaurant                          29.45 USD

2024-09-03 * "Goba Goba" "Eating out with Natasha"
  Liabilities:US:Chase:Slate                       -25.63 USD
  Expenses:Food:Restaurant                          25.63 USD

2024-09-06 * "Chichipotle" "Eating out "
  Liabilities:US:Chase:Slate                       -22.75 USD
  Expenses:Food:Restaurant                          22.75 USD

2024-09-07 * "Onion Market" "Buying groceries"
  Liabilities:US:Chase:Slate                       -86.08 USD
  Expenses:Food:Groceries                           86.08 USD

2024-09-07 * "Chase:Slate" "Paying off credit card"
  Liabilities:US:Chase:Slate                       623.26 USD
  Assets:US:BofA:Checking                         -623.26 USD

2024-09-10 * "Chichipotle" "Eating out with Joe"
  Liabilities:US:Chase:Slate                       -21.07 USD
  Expenses:Food:Restaurant                          21.07 USD

2024-09-11 * "Kin Soy" "Eating out with Joe"
  Liabilities:US:Chase:Slate                       -18.83 USD
  Expenses:Food:Restaurant                          18.83 USD

2024-09-12 * "Kin Soy" "Eating out alone"
  Liabilities:US:Chase:Slate                       -37.00 USD
  Expenses:Food:Restaurant                          37.00 USD

2024-09-13 * "Corner Deli" "Buying groceries"
  Liabilities:US:Chase:Slate                       -88.43 USD
  Expenses:Food:Groceries                           88.43 USD

2024-09-15 * "Rose Flower" "Eating out alone"
  Liabilities:US:Chase:Slate                       -40.79 USD
  Expenses:Food:Restaurant                          40.79 USD

2024-09-16 * "Cafe Modagor" "Eating out with work buddies"
  Liabilities:US:Chase:Slate                       -28.76 USD
  Expenses:Food:Restaurant                          28.76 USD

2024-09-18 * "Metro Transport Authority" "Tram tickets"
  Liabilities:US:Chase:Slate                      -120.00 USD
  Expenses:Transport:Tram                          120.00 USD

2024-09-19 * "Kin Soy" "Eating out with Bill"
  Liabilities:US:Chase:Slate                       -61.69 USD
  Expenses:Food:Restaurant                          61.69 USD

2024-09-19 * "Farmer Fresh" "Buying groceries"
  Liabilities:US:Chase:Slate                       -64.94 USD
  Expenses:Food:Groceries                           64.94 USD

2024-09-23 * "Cafe Modagor" "Eating out after work"
  Liabilities:US:Chase:Slate                       -24.20 USD
  Expenses:Food:Restaurant                          24.20 USD

2024-09-24 balance Liabilities:US:Chase:Slate    -1545.02 USD

2024-09-24 * "China Garden" "Eating out with Bill"
  Liabilities:US:Chase:Slate                       -45.07 USD
  Expenses:Food:Restaurant                          45.07 USD

2024-09-25 * "Chichipotle" "Eating out with Bill"
  Liabilities:US:Chase:Slate                       -20.93 USD
  Expenses:Food:Restaurant                          20.93 USD

2024-09-27 * "Jewel of Morroco" "Eating out with Julie"
  Liabilities:US:Chase:Slate                       -19.58 USD
  Expenses:Food:Restaurant                          19.58 USD

2024-09-30 * "Onion Market" "Buying groceries"
  Liabilities:US:Chase:Slate                       -71.06 USD
  Expenses:Food:Groceries                           71.06 USD

2024-10-02 * "Rose Flower" "Eating out with work buddies"
  Liabilities:US:Chase:Slate                       -36.00 USD
  Expenses:Food:Restaurant                          36.00 USD

2024-10-07 * "Rose Flower" "Eating out alone"
  Liabilities:US:Chase:Slate                       -29.44 USD
  Expenses:Food:Restaurant                          29.44 USD

2024-10-10 * "Jewel of Morroco" "Eating out with Joe"
  Liabilities:US:Chase:Slate                       -15.81 USD
  Expenses:Food:Restaurant                          15.81 USD

2024-10-11 * "Chase:Slate" "Paying off credit card"
  Liabilities:US:Chase:Slate                       763.75 USD
  Assets:US:BofA:Checking                         -763.75 USD

2024-10-13 * "China Garden" "Eating out after work"
  Liabilities:US:Chase:Slate                       -20.15 USD
  Expenses:Food:Restaurant                          20.15 USD

2024-10-13 * "Farmer Fresh" "Buying groceries"
  Liabilities:US:Chase:Slate                      -135.30 USD
  Expenses:Food:Groceries                          135.30 USD

2024-10-14 * "Rose Flower" "Eating out alone"
  Liabilities:US:Chase:Slate                       -22.45 USD
  Expenses:Food:Restaurant                          22.45 USD

2024-10-18 * "China Garden" "Eating out with Natasha"
  Liabilities:US:Chase:Slate                       -51.21 USD
  Expenses:Food:Restaurant                          51.21 USD

2024-10-21 * "Metro Transport Authority" "Tram tickets"
  Liabilities:US:Chase:Slate                      -120.00 USD
  Expenses:Transport:Tram                          120.00 USD

2024-10-22 balance Liabilities:US:Chase:Slate    -1368.27 USD

2024-10-22 * "Rose Flower" "Eating out with Bill"
  Liabilities:US:Chase:Slate                       -38.91 USD
  Expenses:Food:Restaurant                          38.91 USD

2024-10-24 * "Jewel of Morroco" "Eating out with Joe"
  Liabilities:US:Chase:Slate                       -21.56 USD
  Expenses:Food:Restaurant                          21.56 USD

2024-10-27 * "Farmer Fresh" "Buying groceries"
  Liabilities:US:Chase:Slate                       -66.45 USD
  Expenses:Food:Groceries                           66.45 USD

2024-10-28 * "Rose Flower" "Eating out "
  Liabilities:US:Chase:Slate                       -17.82 USD
  Expenses:Food:Restaurant                          17.82 USD

2024-10-30 * "Cafe Modagor" "Eating out with Bill"
  Liabilities:US:Chase:Slate                       -23.29 USD
  Expenses:Food:Restaurant                          23.29 USD

2024-10-31 * "Jewel of Morroco" "Eating out with work buddies"
  Liabilities:US:Chase:Slate                       -21.42 USD
  Expenses:Food:Restaurant                          21.42 USD

2024-11-05 * "Cafe Modagor" "Eating out with work buddies"
  Liabilities:US:Chase:Slate                       -10.54 USD
  Expenses:Food:Restaurant                          10.54 USD

2024-11-07 * "China Garden" "Eating out after work"
  Liabilities:US:Chase:Slate                       -38.68 USD
  Expenses:Food:Restaurant                          38.68 USD

2024-11-09 * "Chase:Slate" "Paying off credit card"
  Liabilities:US:Chase:Slate                       581.83 USD
  Assets:US:BofA:Checking                         -581.83 USD

2024-11-10 * "China Garden" "Eating out with Julie"
  Liabilities:US:Chase:Slate                       -14.20 USD
  Expenses:Food:Restaurant                          14.20 USD

2024-11-10 * "Onion Market" "Buying groceries"
  Liabilities:US:Chase:Slate                       -39.61 USD
  Expenses:Food:Groceries                           39.61 USD

2024-11-14 * "Chichipotle" "Eating out with Bill"
  Liabilities:US:Chase:Slate                       -38.13 USD
  Expenses:Food:Restaurant                          38.13 USD

2024-11-17 * "Metro Transport Authority" "Tram tickets"
  Liabilities:US:Chase:Slate                      -120.00 USD
  Expenses:Transport:Tram                          120.00 USD

2024-11-18 * "Goba Goba" "Eating out with Bill"
  Liabilities:US:Chase:Slate                       -57.53 USD
  Expenses:Food:Restaurant                          57.53 USD

2024-11-19 * "Rose Flower" "Eating out with Joe"
  Liabilities:US:Chase:Slate                       -12.18 USD
  Expenses:Food:Restaurant                          12.18 USD

2024-11-21 balance Liabilities:US:Chase:Slate    -1306.76 USD

2024-11-23 * "Goba Goba" "Eating out after work"
  Liabilities:US:Chase:Slate                       -35.74 USD
  Expenses:Food:Restaurant                          35.74 USD

2024-11-24 * "China Garden" "Eating out after work"
  Liabilities:US:Chase:Slate                       -25.50 USD
  Expenses:Food:Restaurant                          25.50 USD

2024-11-26 event "location" "Los Angeles"

2024-11-27 * "Mr. Marcel" "" #trip-los-angeles-2024
  Liabilities:US:Chase:Slate                       -40.33 USD
  Expenses:Food:Restaurant                          40.33 USD

2024-11-27 * "Pampas Grill" "" #trip-los-angeles-2024
  Liabilities:US:Chase:Slate                       -28.15 USD
  Expenses:Food:Restaurant                          28.15 USD

2024-11-28 * "Banana Leaf" "" #trip-los-angeles-2024
  Liabilities:US:Chase:Slate                       -22.81 USD
  Expenses:Food:Restaurant                          22.81 USD

2024-11-28 * "Dupar's" "" #trip-los-angeles-2024
  Liabilities:US:Chase:Slate                       -25.13 USD
  Expenses:Food:Restaurant                          25.13 USD

2024-11-28 * "Pampas Grill" "" #trip-los-angeles-2024
  Liabilities:US:Chase:Slate                       -26.75 USD
  Expenses:Food:Restaurant                          26.75 USD

2024-11-28 * "E.B.'s Beer and Wine" "" #trip-los-angeles-2024
  Liabilities:US:Chase:Slate                       -10.11 USD
  Expenses:Food:Alcohol                             10.11 USD

2024-11-29 * "Mr. Marcel" "" #trip-los-angeles-2024
  Liabilities:US:Chase:Slate                       -36.55 USD
  Expenses:Food:Restaurant                          36.55 USD

2024-11-29 * "Banana Leaf" "" #trip-los-angeles-2024
  Liabilities:US:Chase:Slate                       -23.53 USD
  Expenses:Food:Restaurant                          23.53 USD

2024-11-29 * "Dupar's" "" #trip-los-angeles-2024
  Liabilities:US:Chase:Slate                       -32.68 USD
  Expenses:Food:Restaurant                          32.68 USD

2024-11-29 * "Pampas Grill" "" #trip-los-angeles-2024
  Liabilities:US:Chase:Slate                       -22.84 USD
  Expenses:Food:Restaurant                          22.84 USD

2024-11-29 * "Chipotle" "" #trip-los-angeles-2024
  Liabilities:US:Chase:Slate                       -14.43 USD
  Expenses:Food:Restaurant                          14.43 USD

2024-11-29 * "Starbucks" "" #trip-los-angeles-2024
  Liabilities:US:Chase:Slate                        -6.24 USD
  Expenses:Food:Coffee                               6.24 USD

2024-11-29 * "E.B.'s Beer and Wine" "" #trip-los-angeles-2024
  Liabilities:US:Chase:Slate                       -11.58 USD
  Expenses:Food:Alcohol                             11.58 USD

2024-11-30 * "Mr. Marcel" "" #trip-los-angeles-2024
  Liabilities:US:Chase:Slate                       -34.95 USD
  Expenses:Food:Restaurant                          34.95 USD

2024-11-30 * "Starbucks" "" #trip-los-angeles-2024
  Liabilities:US:Chase:Slate                        -6.30 USD
  Expenses:Food:Coffee                               6.30 USD

2024-12-01 * "Mr. Marcel" "" #trip-los-angeles-2024
  Liabilities:US:Chase:Slate                       -39.71 USD
  Expenses:Food:Restaurant                          39.71 USD

2024-12-01 * "Dupar's" "" #trip-los-angeles-2024
  Liabilities:US:Chase:Slate                       -26.00 USD
  Expenses:Food:Restaurant                          26.00 USD

2024-12-01 * "Pampas Grill" "" #trip-los-angeles-2024
  Liabilities:US:Chase:Slate                       -28.24 USD
  Expenses:Food:Restaurant                          28.24 USD

2024-12-01 * "Starbucks" "" #trip-los-angeles-2024
  Liabilities:US:Chase:Slate                        -6.22 USD
  Expenses:Food:Coffee                               6.22 USD

2024-12-02 * "Mr. Marcel" "" #trip-los-angeles-2024
  Liabilities:US:Chase:Slate                       -45.67 USD
  Expenses:Food:Restaurant                          45.67 USD

2024-12-02 * "E.B.'s Beer and Wine" "" #trip-los-angeles-2024
  Liabilities:US:Chase:Slate                       -10.87 USD
  Expenses:Food:Alcohol                             10.87 USD

2024-12-03 * "Chipotle" "" #trip-los-angeles-2024
  Liabilities:US:Chase:Slate                       -15.14 USD
  Expenses:Food:Restaurant                          15.14 USD

2024-12-04 * "Mr. Marcel" "" #trip-los-angeles-2024
  Liabilities:US:Chase:Slate                       -42.28 USD
  Expenses:Food:Restaurant                          42.28 USD

2024-12-04 * "Banana Leaf" "" #trip-los-angeles-2024
  Liabilities:US:Chase:Slate                       -22.00 USD
  Expenses:Food:Restaurant                          22.00 USD

2024-12-04 * "Dupar's" "" #trip-los-angeles-2024
  Liabilities:US:Chase:Slate                       -27.30 USD
  Expenses:Food:Restaurant                          27.30 USD

2024-12-04 * "Chipotle" "" #trip-los-angeles-2024
  Liabilities:US:Chase:Slate                       -16.30 USD
  Expenses:Food:Restaurant                          16.30 USD

2024-12-06 * "Mr. Marcel" "" #trip-los-angeles-2024
  Liabilities:US:Chase:Slate                       -32.09 USD
  Expenses:Food:Restaurant                          32.09 USD

2024-12-06 * "E.B.'s Beer and Wine" "" #trip-los-angeles-2024
  Liabilities:US:Chase:Slate                        -9.83 USD
  Expenses:Food:Alcohol                              9.83 USD

2024-12-07 * "Dupar's" "" #trip-los-angeles-2024
  Liabilities:US:Chase:Slate                       -28.73 USD
  Expenses:Food:Restaurant                          28.73 USD

2024-12-07 * "Pampas Grill" "" #trip-los-angeles-2024
  Liabilities:US:Chase:Slate                       -30.97 USD
  Expenses:Food:Restaurant                          30.97 USD

2024-12-07 * "Starbucks" "" #trip-los-angeles-2024
  Liabilities:US:Chase:Slate                        -5.60 USD
  Expenses:Food:Coffee                               5.60 USD

2024-12-07 * "Chase:Slate" "Paying off credit card"
  Liabilities:US:Chase:Slate                       352.80 USD
  Assets:US:BofA:Checking                         -352.80 USD

2024-12-08 * "Banana Leaf" "" #trip-los-angeles-2024
  Liabilities:US:Chase:Slate                       -32.81 USD
  Expenses:Food:Restaurant                          32.81 USD

2024-12-08 * "Starbucks" "" #trip-los-angeles-2024
  Liabilities:US:Chase:Slate                        -5.66 USD
  Expenses:Food:Coffee                               5.66 USD

2024-12-09 * "Banana Leaf" "" #trip-los-angeles-2024
  Liabilities:US:Chase:Slate                       -23.81 USD
  Expenses:Food:Restaurant                          23.81 USD

2024-12-09 * "Dupar's" "" #trip-los-angeles-2024
  Liabilities:US:Chase:Slate                       -27.49 USD
  Expenses:Food:Restaurant                          27.49 USD

2024-12-09 * "Pampas Grill" "" #trip-los-angeles-2024
  Liabilities:US:Chase:Slate                       -25.02 USD
  Expenses:Food:Restaurant                          25.02 USD

2024-12-10 * "Mr. Marcel" "" #trip-los-angeles-2024
  Liabilities:US:Chase:Slate                       -46.19 USD
  Expenses:Food:Restaurant                          46.19 USD

2024-12-10 * "Dupar's" "" #trip-los-angeles-2024
  Liabilities:US:Chase:Slate                       -28.73 USD
  Expenses:Food:Restaurant                          28.73 USD

2024-12-11 * "Dupar's" "" #trip-los-angeles-2024
  Liabilities:US:Chase:Slate                       -33.31 USD
  Expenses:Food:Restaurant                          33.31 USD

2024-12-12 * "Banana Leaf" "" #trip-los-angeles-2024
  Liabilities:US:Chase:Slate                       -25.13 USD
  Expenses:Food:Restaurant                          25.13 USD

2024-12-12 * "Dupar's" "" #trip-los-angeles-2024
  Liabilities:US:Chase:Slate                       -30.95 USD
  Expenses:Food:Restaurant                          30.95 USD

2024-12-12 * "Starbucks" "" #trip-los-angeles-2024
  Liabilities:US:Chase:Slate                        -6.13 USD
  Expenses:Food:Coffee                               6.13 USD

2024-12-13 * "Banana Leaf" "" #trip-los-angeles-2024
  Liabilities:US:Chase:Slate                       -24.85 USD
  Expenses:Food:Restaurant                          24.85 USD

2024-12-13 * "E.B.'s Beer and Wine" "" #trip-los-angeles-2024
  Liabilities:US:Chase:Slate                        -9.42 USD
  Expenses:Food:Alcohol                              9.42 USD

2024-12-14 * "Banana Leaf" "" #trip-los-angeles-2024
  Liabilities:US:Chase:Slate                       -32.87 USD
  Expenses:Food:Restaurant                          32.87 USD

2024-12-14 * "Chipotle" "" #trip-los-angeles-2024
  Liabilities:US:Chase:Slate                       -17.50 USD
  Expenses:Food:Restaurant                          17.50 USD

2024-12-15 * "Chipotle" "" #trip-los-angeles-2024
  Liabilities:US:Chase:Slate                       -20.33 USD
  Expenses:Food:Restaurant                          20.33 USD

2024-12-16 * "E.B.'s Beer and Wine" "" #trip-los-angeles-2024
  Liabilities:US:Chase:Slate                        -8.18 USD
  Expenses:Food:Alcohol                              8.18 USD

2024-12-17 * "Jewel of Morroco" "Eating out with work buddies"
  Liabilities:US:Chase:Slate                       -24.11 USD
  Expenses:Food:Restaurant                          24.11 USD

2024-12-17 * "Banana Leaf" "" #trip-los-angeles-2024
  Liabilities:US:Chase:Slate                       -25.46 USD
  Expenses:Food:Restaurant                          25.46 USD

2024-12-17 * "Dupar's" "" #trip-los-angeles-2024
  Liabilities:US:Chase:Slate                       -27.77 USD
  Expenses:Food:Restaurant                          27.77 USD

2024-12-17 * "Pampas Grill" "" #trip-los-angeles-2024
  Liabilities:US:Chase:Slate                       -25.79 USD
  Expenses:Food:Restaurant                          25.79 USD

2024-12-17 * "E.B.'s Beer and Wine" "" #trip-los-angeles-2024
  Liabilities:US:Chase:Slate                        -7.10 USD
  Expenses:Food:Alcohol                              7.10 USD

2024-12-17 * "Consume vacation days"
  Assets:US:Babble:Vacation                          -168 VACHR
  Expenses:Vacation                                   168 VACHR

2024-12-17 event "location" "New Metropolis"

2024-12-18 balance Liabilities:US:Chase:Slate    -2253.14 USD

2024-12-19 * "Cafe Modagor" "Eating out with Joe"
  Liabilities:US:Chase:Slate                       -19.93 USD
  Expenses:Food:Restaurant                          19.93 USD

2024-12-20 * "Metro Transport Authority" "Tram tickets"
  Liabilities:US:Chase:Slate                      -120.00 USD
  Expenses:Transport:Tram                          120.00 USD

2024-12-22 * "Chichipotle" "Eating out with Natasha"
  Liabilities:US:Chase:Slate                       -94.53 USD
  Expenses:Food:Restaurant                          94.53 USD

2024-12-23 * "Uncle Boons" "Eating out with Joe"
  Liabilities:US:Chase:Slate                       -36.58 USD
  Expenses:Food:Restaurant                          36.58 USD

2024-12-23 * "Corner Deli" "Buying groceries"
  Liabilities:US:Chase:Slate                      -101.42 USD
  Expenses:Food:Groceries                          101.42 USD

2024-12-25 * "Chichipotle" "Eating out after work"
  Liabilities:US:Chase:Slate                       -54.49 USD
  Expenses:Food:Restaurant                          54.49 USD

2024-12-30 * "Jewel of Morroco" "Eating out with Natasha"
  Liabilities:US:Chase:Slate                       -27.17 USD
  Expenses:Food:Restaurant                          27.17 USD

2024-12-31 * "Goba Goba" "Eating out with Bill"
  Liabilities:US:Chase:Slate                       -27.36 USD
  Expenses:Food:Restaurant                          27.36 USD

2025-01-04 * "Chichipotle" "Eating out with work buddies"
  Liabilities:US:Chase:Slate                       -72.39 USD
  Expenses:Food:Restaurant                          72.39 USD

2025-01-06 * "Chichipotle" "Eating out "
  Liabilities:US:Chase:Slate                       -22.46 USD
  Expenses:Food:Restaurant                          22.46 USD

2025-01-08 * "Good Moods Market" "Buying groceries"
  Liabilities:US:Chase:Slate                       -83.19 USD
  Expenses:Food:Groceries                           83.19 USD

2025-01-09 * "Chase:Slate" "Paying off credit card"
  Liabilities:US:Chase:Slate                       686.36 USD
  Assets:US:BofA:Checking                         -686.36 USD

2025-01-10 * "China Garden" "Eating out with Bill"
  Liabilities:US:Chase:Slate                       -26.84 USD
  Expenses:Food:Restaurant                          26.84 USD

2025-01-13 * "Jewel of Morroco" "Eating out with Julie"
  Liabilities:US:Chase:Slate                       -44.18 USD
  Expenses:Food:Restaurant                          44.18 USD

2025-01-15 * "Cafe Modagor" "Eating out with Joe"
  Liabilities:US:Chase:Slate                       -30.42 USD
  Expenses:Food:Restaurant                          30.42 USD

2025-01-16 balance Liabilities:US:Chase:Slate    -2327.74 USD

2025-01-18 * "Onion Market" "Buying groceries"
  Liabilities:US:Chase:Slate                      -112.89 USD
  Expenses:Food:Groceries                          112.89 USD

2025-01-19 * "Kin Soy" "Eating out "
  Liabilities:US:Chase:Slate                       -38.70 USD
  Expenses:Food:Restaurant                          38.70 USD

2025-01-19 * "Metro Transport Authority" "Tram tickets"
  Liabilities:US:Chase:Slate                      -120.00 USD
  Expenses:Transport:Tram                          120.00 USD

2025-01-23 * "Jewel of Morroco" "Eating out after work"
  Liabilities:US:Chase:Slate                       -56.11 USD
  Expenses:Food:Restaurant                          56.11 USD

2025-01-26 * "China Garden" "Eating out with work buddies"
  Liabilities:US:Chase:Slate                       -47.18 USD
  Expenses:Food:Restaurant                          47.18 USD

2025-01-27 * "Kin Soy" "Eating out alone"
  Liabilities:US:Chase:Slate                       -25.21 USD
  Expenses:Food:Restaurant                          25.21 USD

2025-01-28 * "Uncle Boons" "Eating out with Bill"
  Liabilities:US:Chase:Slate                       -41.34 USD
  Expenses:Food:Restaurant                          41.34 USD

2025-01-30 * "Chichipotle" "Eating out after work"
  Liabilities:US:Chase:Slate                       -64.72 USD
  Expenses:Food:Restaurant                          64.72 USD

2025-02-03 * "Onion Market" "Buying groceries"
  Liabilities:US:Chase:Slate                       -68.65 USD
  Expenses:Food:Groceries                           68.65 USD

2025-02-04 * "China Garden" "Eating out with Joe"
  Liabilities:US:Chase:Slate                       -52.65 USD
  Expenses:Food:Restaurant                          52.65 USD

2025-02-06 * "Goba Goba" "Eating out with Bill"
  Liabilities:US:Chase:Slate                       -32.76 USD
  Expenses:Food:Restaurant                          32.76 USD

2025-02-07 * "Chase:Slate" "Paying off credit card"
  Liabilities:US:Chase:Slate                       745.12 USD
  Assets:US:BofA:Checking                         -745.12 USD

2025-02-08 * "Rose Flower" "Eating out with Joe"
  Liabilities:US:Chase:Slate                       -10.31 USD
  Expenses:Food:Restaurant                          10.31 USD

2025-02-10 * "China Garden" "Eating out after work"
  Liabilities:US:Chase:Slate                       -16.17 USD
  Expenses:Food:Restaurant                          16.17 USD

2025-02-11 * "Farmer Fresh" "Buying groceries"
  Liabilities:US:Chase:Slate                      -110.25 USD
  Expenses:Food:Groceries                          110.25 USD

2025-02-13 * "Uncle Boons" "Eating out with Natasha"
  Liabilities:US:Chase:Slate                       -30.05 USD
  Expenses:Food:Restaurant                          30.05 USD

2025-02-15 balance Liabilities:US:Chase:Slate    -2409.61 USD

2025-02-15 * "Uncle Boons" "Eating out with Bill"
  Liabilities:US:Chase:Slate                       -26.55 USD
  Expenses:Food:Restaurant                          26.55 USD

2025-02-16 * "Onion Market" "Buying groceries"
  Liabilities:US:Chase:Slate                       -83.52 USD
  Expenses:Food:Groceries                           83.52 USD

2025-02-16 * "Metro Transport Authority" "Tram tickets"
  Liabilities:US:Chase:Slate                      -120.00 USD
  Expenses:Transport:Tram                          120.00 USD

2025-02-19 * "Chichipotle" "Eating out with Natasha"
  Liabilities:US:Chase:Slate                       -25.20 USD
  Expenses:Food:Restaurant                          25.20 USD

2025-02-22 * "Chichipotle" "Eating out with work buddies"
  Liabilities:US:Chase:Slate                       -23.66 USD
  Expenses:Food:Restaurant                          23.66 USD

2025-02-27 * "Goba Goba" "Eating out alone"
  Liabilities:US:Chase:Slate                       -41.25 USD
  Expenses:Food:Restaurant                          41.25 USD

2025-03-04 * "Uncle Boons" "Eating out with work buddies"
  Liabilities:US:Chase:Slate                       -38.97 USD
  Expenses:Food:Restaurant                          38.97 USD

2025-03-05 * "Good Moods Market" "Buying groceries"
  Liabilities:US:Chase:Slate                       -95.55 USD
  Expenses:Food:Groceries                           95.55 USD

2025-03-06 * "Jewel of Morroco" "Eating out with Joe"
  Liabilities:US:Chase:Slate                       -40.88 USD
  Expenses:Food:Restaurant                          40.88 USD

2025-03-07 * "Goba Goba" "Eating out after work"
  Liabilities:US:Chase:Slate                       -24.43 USD
  Expenses:Food:Restaurant                          24.43 USD

2025-03-09 balance Liabilities:US:Chase:Slate    -2929.62 USD

2025-03-11 * "China Garden" "Eating out alone"
  Liabilities:US:Chase:Slate                       -22.71 USD
  Expenses:Food:Restaurant                          22.71 USD

2025-03-11 * "Good Moods Market" "Buying groceries"
  Liabilities:US:Chase:Slate                       -92.20 USD
  Expenses:Food:Groceries                           92.20 USD

2025-03-15 * "Jewel of Morroco" "Eating out after work"
  Liabilities:US:Chase:Slate                       -45.94 USD
  Expenses:Food:Restaurant                          45.94 USD

2023-01-01 open Assets:US:ETrade:Cash                       USD
2023-01-01 open Assets:US:ETrade:ITOT                       ITOT
2023-01-01 open Assets:US:ETrade:VEA                       VEA
2023-01-01 open Assets:US:ETrade:VHT                       VHT
2023-01-01 open Assets:US:ETrade:GLD                       GLD
2023-01-01 open Income:US:ETrade:PnL                        USD
2023-01-01 open Income:US:ETrade:ITOT:Dividend              USD
2023-01-01 open Income:US:ETrade:VEA:Dividend              USD
2023-01-01 open Income:US:ETrade:VHT:Dividend              USD
2023-01-01 open Income:US:ETrade:GLD:Dividend              USD

2023-09-18 * "Dividends on portfolio"
  Assets:US:ETrade:Cash                              0.00 USD
  Income:US:ETrade:GLD:Dividend                      0.00 USD

2023-09-29 * "Buy shares of GLD"
  Assets:US:ETrade:Cash                          -1299.95 USD
  Assets:US:ETrade:GLD                                 20 GLD {64.55 USD, 2023-09-29}
  Expenses:Financial:Commissions                     8.95 USD

2023-09-29 * "Buy shares of ITOT"
  Assets:US:ETrade:Cash                          -1301.54 USD
  Assets:US:ETrade:ITOT                                13 ITOT {99.43 USD, 2023-09-29}
  Expenses:Financial:Commissions                     8.95 USD

2023-09-29 * "Buy shares of VEA"
  Assets:US:ETrade:Cash                          -1308.57 USD
  Assets:US:ETrade:VEA                                  7 VEA {185.66 USD, 2023-09-29}
  Expenses:Financial:Commissions                     8.95 USD

2023-10-08 * "Sell shares of VEA"
  Assets:US:ETrade:VEA                                 -7 VEA {185.66 USD, 2023-09-29} @ 187.16 USD
  Assets:US:ETrade:Cash                           1301.17 USD
  Expenses:Financial:Commissions                     8.95 USD
  Income:US:ETrade:PnL                             -10.50 USD

2023-10-13 * "Buy shares of ITOT"
  Assets:US:ETrade:Cash                          -1224.91 USD
  Assets:US:ETrade:ITOT                                12 ITOT {101.33 USD, 2023-10-13}
  Expenses:Financial:Commissions                     8.95 USD

2023-11-16 * "Buy shares of GLD"
  Assets:US:ETrade:Cash                          -1057.27 USD
  Assets:US:ETrade:GLD                                 16 GLD {65.52 USD, 2023-11-16}
  Expenses:Financial:Commissions                     8.95 USD

2023-11-16 * "Buy shares of ITOT"
  Assets:US:ETrade:Cash                          -1043.05 USD
  Assets:US:ETrade:ITOT                                10 ITOT {103.41 USD, 2023-11-16}
  Expenses:Financial:Commissions                     8.95 USD

2023-11-16 * "Buy shares of VHT"
  Assets:US:ETrade:Cash                          -1028.29 USD
  Assets:US:ETrade:VHT                                  9 VHT {113.26 USD, 2023-11-16}
  Expenses:Financial:Commissions                     8.95 USD

2023-11-16 * "Buy shares of VEA"
  Assets:US:ETrade:Cash                           -942.10 USD
  Assets:US:ETrade:VEA                                  5 VEA {186.63 USD, 2023-11-16}
  Expenses:Financial:Commissions                     8.95 USD

2023-12-17 * "Dividends on portfolio"
  Assets:US:ETrade:Cash                             36.54 USD
  Income:US:ETrade:VEA:Dividend                    -36.54 USD

2024-01-27 * "Sell shares of GLD"
  Assets:US:ETrade:GLD                                -16 GLD {65.52 USD, 2023-11-16} @ 64.52 USD
  Assets:US:ETrade:Cash                           1023.37 USD
  Expenses:Financial:Commissions                     8.95 USD
  Income:US:ETrade:PnL                              16.00 USD

2024-02-07 * "Buy shares of VHT"
  Assets:US:ETrade:Cash                           -345.22 USD
  Assets:US:ETrade:VHT                                  3 VHT {112.09 USD, 2024-02-07}
  Expenses:Financial:Commissions                     8.95 USD

2024-02-07 * "Buy shares of VEA"
  Assets:US:ETrade:Cash                           -365.91 USD
  Assets:US:ETrade:VEA                                  2 VEA {178.48 USD, 2024-02-07}
  Expenses:Financial:Commissions                     8.95 USD

2024-02-07 * "Buy shares of GLD"
  Assets:US:ETrade:Cash                           -393.13 USD
  Assets:US:ETrade:GLD                                  6 GLD {64.03 USD, 2024-02-07}
  Expenses:Financial:Commissions                     8.95 USD

2024-02-07 * "Buy shares of ITOT"
  Assets:US:ETrade:Cash                           -323.38 USD
  Assets:US:ETrade:ITOT                                 3 ITOT {104.81 USD, 2024-02-07}
  Expenses:Financial:Commissions                     8.95 USD

2024-03-17 * "Dividends on portfolio"
  Assets:US:ETrade:Cash                             42.10 USD
  Income:US:ETrade:VEA:Dividend                    -42.10 USD

2024-04-21 * "Sell shares of GLD"
  Assets:US:ETrade:GLD                                -20 GLD {64.55 USD, 2023-09-29} @ 61.98 USD
  Assets:US:ETrade:Cash                           1230.65 USD
  Expenses:Financial:Commissions                     8.95 USD
  Income:US:ETrade:PnL                              51.40 USD

2024-05-06 * "Buy shares of GLD"
  Assets:US:ETrade:Cash                          -1385.50 USD
  Assets:US:ETrade:GLD                                 23 GLD {59.85 USD, 2024-05-06}
  Expenses:Financial:Commissions                     8.95 USD

2024-06-08 * "Sell shares of GLD"
  Assets:US:ETrade:GLD                                 -6 GLD {64.03 USD, 2024-02-07} @ 61.65 USD
  Assets:US:ETrade:Cash                            360.95 USD
  Expenses:Financial:Commissions                     8.95 USD
  Income:US:ETrade:PnL                              14.28 USD

2024-06-17 * "Dividends on portfolio"
  Assets:US:ETrade:Cash                             47.61 USD
  Income:US:ETrade:ITOT:Dividend                   -47.61 USD

2024-08-04 * "Sell shares of GLD"
  Assets:US:ETrade:GLD                                -23 GLD {59.85 USD, 2024-05-06} @ 57.37 USD
  Assets:US:ETrade:Cash                           1310.56 USD
  Expenses:Financial:Commissions                     8.95 USD
  Income:US:ETrade:PnL                              57.04 USD

2024-08-05 * "Buy shares of GLD"
  Assets:US:ETrade:Cash                           -467.91 USD
  Assets:US:ETrade:GLD                                  8 GLD {57.37 USD, 2024-08-05}
  Expenses:Financial:Commissions                     8.95 USD

2024-08-05 * "Buy shares of ITOT"
  Assets:US:ETrade:Cash                           -450.15 USD
  Assets:US:ETrade:ITOT                                 4 ITOT {110.30 USD, 2024-08-05}
  Expenses:Financial:Commissions                     8.95 USD

2024-08-05 * "Buy shares of VHT"
  Assets:US:ETrade:Cash                           -498.47 USD
  Assets:US:ETrade:VHT                                  4 VHT {122.38 USD, 2024-08-05}
  Expenses:Financial:Commissions                     8.95 USD

2024-08-28 * "Sell shares of ITOT"
  Assets:US:ETrade:ITOT                               -13 ITOT {99.43 USD, 2023-09-29} @ 109.68 USD
  Assets:US:ETrade:Cash                           1416.89 USD
  Expenses:Financial:Commissions                     8.95 USD
  Income:US:ETrade:PnL                            -133.25 USD

2024-09-05 * "Buy shares of VHT"
  Assets:US:ETrade:Cash                          -1506.19 USD
  Assets:US:ETrade:VHT                                 12 VHT {124.77 USD, 2024-09-05}
  Expenses:Financial:Commissions                     8.95 USD

2024-09-16 * "Buy shares of ITOT"
  Assets:US:ETrade:Cash                          -1614.55 USD
  Assets:US:ETrade:ITOT                                15 ITOT {107.04 USD, 2024-09-16}
  Expenses:Financial:Commissions                     8.95 USD

2024-09-16 * "Buy shares of GLD"
  Assets:US:ETrade:Cash                          -1668.38 USD
  Assets:US:ETrade:GLD                                 31 GLD {53.53 USD, 2024-09-16}
  Expenses:Financial:Commissions                     8.95 USD

2024-09-16 * "Buy shares of VEA"
  Assets:US:ETrade:Cash                          -1668.64 USD
  Assets:US:ETrade:VEA                                  9 VEA {184.41 USD, 2024-09-16}
  Expenses:Financial:Commissions                     8.95 USD

2024-09-17 * "Dividends on portfolio"
  Assets:US:ETrade:Cash                             78.86 USD
  Income:US:ETrade:ITOT:Dividend                   -78.86 USD

2024-11-06 * "Sell shares of VEA"
  Assets:US:ETrade:VEA                                 -9 VEA {184.41 USD, 2024-09-16} @ 173.10 USD
  Assets:US:ETrade:Cash                           1548.95 USD
  Expenses:Financial:Commissions                     8.95 USD
  Income:US:ETrade:PnL                             101.79 USD

2024-11-16 * "Buy shares of VEA"
  Assets:US:ETrade:Cash                          -5672.08 USD
  Assets:US:ETrade:VEA                                 33 VEA {171.61 USD, 2024-11-16}
  Expenses:Financial:Commissions                     8.95 USD

2024-12-17 * "Dividends on portfolio"
  Assets:US:ETrade:Cash                            101.51 USD
  Income:US:ETrade:ITOT:Dividend                  -101.51 USD

2025-02-14 * "Buy shares of GLD"
  Assets:US:ETrade:Cash                          -1784.63 USD
  Assets:US:ETrade:GLD                                 31 GLD {57.28 USD, 2025-02-14}
  Expenses:Financial:Commissions                     8.95 USD

2025-02-14 * "Buy shares of VHT"
  Assets:US:ETrade:Cash                          -1699.31 USD
  Assets:US:ETrade:VHT                                 14 VHT {120.74 USD, 2025-02-14}
  Expenses:Financial:Commissions                     8.95 USD

2023-01-01 open Assets:US:Vanguard:VBMPX                     VBMPX
2023-01-01 open Assets:US:Vanguard:RGAGX                     RGAGX
2023-01-01 open Assets:US:Vanguard                            USD
2023-01-01 open Income:US:Babble:Match401k                   USD
2023-01-01 open Assets:US:Vanguard:Cash                       USD

2023-01-06 * "Employer match for contribution"
  Assets:US:Vanguard:Cash                          600.00 USD
  Income:US:Babble:Match401k                      -600.00 USD

2023-01-09 * "Investing 40% of cash in VBMPX"
  Assets:US:Vanguard:VBMPX                          3.190 VBMPX {150.47 USD, 2023-01-09}
  Assets:US:Vanguard:Cash                         -480.00 USD

2023-01-09 * "Investing 60% of cash in RGAGX"
  Assets:US:Vanguard:RGAGX                         12.954 RGAGX {55.58 USD, 2023-01-09}
  Assets:US:Vanguard:Cash                         -719.98 USD

2023-01-09 * "Investing 40% of cash in VBMPX"
  Assets:US:Vanguard:VBMPX                          1.595 VBMPX {150.47 USD, 2023-01-09}
  Assets:US:Vanguard:Cash                         -240.00 USD

2023-01-09 * "Investing 60% of cash in RGAGX"
  Assets:US:Vanguard:RGAGX                          6.477 RGAGX {55.58 USD, 2023-01-09}
  Assets:US:Vanguard:Cash                         -359.99 USD

2023-01-20 * "Employer match for contribution"
  Assets:US:Vanguard:Cash                          600.00 USD
  Income:US:Babble:Match401k                      -600.00 USD

2023-01-23 * "Investing 40% of cash in VBMPX"
  Assets:US:Vanguard:VBMPX                          3.200 VBMPX {149.99 USD, 2023-01-23}
  Assets:US:Vanguard:Cash                         -479.97 USD

2023-01-23 * "Investing 60% of cash in RGAGX"
  Assets:US:Vanguard:RGAGX                         12.892 RGAGX {55.85 USD, 2023-01-23}
  Assets:US:Vanguard:Cash                         -720.02 USD

2023-01-23 * "Investing 40% of cash in VBMPX"
  Assets:US:Vanguard:VBMPX                          1.600 VBMPX {149.99 USD, 2023-01-23}
  Assets:US:Vanguard:Cash                         -239.98 USD

2023-01-23 * "Investing 60% of cash in RGAGX"
  Assets:US:Vanguard:RGAGX                          6.446 RGAGX {55.85 USD, 2023-01-23}
  Assets:US:Vanguard:Cash                         -360.01 USD

2023-02-03 * "Employer match for contribution"
  Assets:US:Vanguard:Cash                          600.00 USD
  Income:US:Babble:Match401k                      -600.00 USD

2023-02-06 * "Investing 40% of cash in VBMPX"
  Assets:US:Vanguard:VBMPX                          3.143 VBMPX {152.71 USD, 2023-02-06}
  Assets:US:Vanguard:Cash                         -479.97 USD

2023-02-06 * "Investing 60% of cash in RGAGX"
  Assets:US:Vanguard:RGAGX                         12.939 RGAGX {55.65 USD, 2023-02-06}
  Assets:US:Vanguard:Cash                         -720.06 USD

2023-02-06 * "Investing 40% of cash in VBMPX"
  Assets:US:Vanguard:VBMPX                          1.572 VBMPX {152.71 USD, 2023-02-06}
  Assets:US:Vanguard:Cash                         -240.06 USD

2023-02-06 * "Investing 60% of cash in RGAGX"
  Assets:US:Vanguard:RGAGX                          6.469 RGAGX {55.65 USD, 2023-02-06}
  Assets:US:Vanguard:Cash                         -360.00 USD

2023-02-17 * "Employer match for contribution"
  Assets:US:Vanguard:Cash                          600.00 USD
  Income:US:Babble:Match401k                      -600.00 USD

2023-02-20 * "Investing 40% of cash in VBMPX"
  Assets:US:Vanguard:VBMPX                          3.159 VBMPX {151.96 USD, 2023-02-20}
  Assets:US:Vanguard:Cash                         -480.04 USD

2023-02-20 * "Investing 60% of cash in RGAGX"
  Assets:US:Vanguard:RGAGX                         12.998 RGAGX {55.39 USD, 2023-02-20}
  Assets:US:Vanguard:Cash                         -719.96 USD

2023-02-20 * "Investing 40% of cash in VBMPX"
  Assets:US:Vanguard:VBMPX                          1.579 VBMPX {151.96 USD, 2023-02-20}
  Assets:US:Vanguard:Cash                         -239.94 USD

2023-02-20 * "Investing 60% of cash in RGAGX"
  Assets:US:Vanguard:RGAGX                          6.499 RGAGX {55.39 USD, 2023-02-20}
  Assets:US:Vanguard:Cash                         -359.98 USD

2023-03-03 * "Employer match for contribution"
  Assets:US:Vanguard:Cash                          600.00 USD
  Income:US:Babble:Match401k                      -600.00 USD

2023-03-06 * "Investing 40% of cash in VBMPX"
  Assets:US:Vanguard:VBMPX                          3.164 VBMPX {151.72 USD, 2023-03-06}
  Assets:US:Vanguard:Cash                         -480.04 USD

2023-03-06 * "Investing 60% of cash in RGAGX"
  Assets:US:Vanguard:RGAGX                         12.904 RGAGX {55.80 USD, 2023-03-06}
  Assets:US:Vanguard:Cash                         -720.04 USD

2023-03-06 * "Investing 40% of cash in VBMPX"
  Assets:US:Vanguard:VBMPX                          1.582 VBMPX {151.72 USD, 2023-03-06}
  Assets:US:Vanguard:Cash                         -240.02 USD

2023-03-06 * "Investing 60% of cash in RGAGX"
  Assets:US:Vanguard:RGAGX                          6.451 RGAGX {55.80 USD, 2023-03-06}
  Assets:US:Vanguard:Cash                         -359.97 USD

2023-03-17 * "Employer match for contribution"
  Assets:US:Vanguard:Cash                          600.00 USD
  Income:US:Babble:Match401k                      -600.00 USD

2023-03-20 * "Investing 40% of cash in VBMPX"
  Assets:US:Vanguard:VBMPX                          3.123 VBMPX {153.67 USD, 2023-03-20}
  Assets:US:Vanguard:Cash                         -479.91 USD

2023-03-20 * "Investing 60% of cash in RGAGX"
  Assets:US:Vanguard:RGAGX                         13.158 RGAGX {54.72 USD, 2023-03-20}
  Assets:US:Vanguard:Cash                         -720.01 USD

2023-03-20 * "Investing 40% of cash in VBMPX"
  Assets:US:Vanguard:VBMPX                          1.562 VBMPX {153.67 USD, 2023-03-20}
  Assets:US:Vanguard:Cash                         -240.03 USD

2023-03-20 * "Investing 60% of cash in RGAGX"
  Assets:US:Vanguard:RGAGX                          6.579 RGAGX {54.72 USD, 2023-03-20}
  Assets:US:Vanguard:Cash                         -360.00 USD

2023-03-31 * "Employer match for contribution"
  Assets:US:Vanguard:Cash                          600.00 USD
  Income:US:Babble:Match401k                      -600.00 USD

2023-04-03 * "Investing 40% of cash in VBMPX"
  Assets:US:Vanguard:VBMPX                          3.300 VBMPX {145.47 USD, 2023-04-03}
  Assets:US:Vanguard:Cash                         -480.05 USD

2023-04-03 * "Investing 60% of cash in RGAGX"
  Assets:US:Vanguard:RGAGX                         13.214 RGAGX {54.49 USD, 2023-04-03}
  Assets:US:Vanguard:Cash                         -720.03 USD

2023-04-03 * "Investing 40% of cash in VBMPX"
  Assets:US:Vanguard:VBMPX                          1.650 VBMPX {145.47 USD, 2023-04-03}
  Assets:US:Vanguard:Cash                         -240.03 USD

2023-04-03 * "Investing 60% of cash in RGAGX"
  Assets:US:Vanguard:RGAGX                          6.606 RGAGX {54.49 USD, 2023-04-03}
  Assets:US:Vanguard:Cash                         -359.96 USD

2023-04-14 * "Employer match for contribution"
  Assets:US:Vanguard:Cash                          600.00 USD
  Income:US:Babble:Match401k                      -600.00 USD

2023-04-17 * "Investing 40% of cash in VBMPX"
  Assets:US:Vanguard:VBMPX                          3.270 VBMPX {146.79 USD, 2023-04-17}
  Assets:US:Vanguard:Cash                         -480.00 USD

2023-04-17 * "Investing 60% of cash in RGAGX"
  Assets:US:Vanguard:RGAGX                         13.367 RGAGX {53.86 USD, 2023-04-17}
  Assets:US:Vanguard:Cash                         -719.95 USD

2023-04-17 * "Investing 40% of cash in VBMPX"
  Assets:US:Vanguard:VBMPX                          1.635 VBMPX {146.79 USD, 2023-04-17}
  Assets:US:Vanguard:Cash                         -240.00 USD

2023-04-17 * "Investing 60% of cash in RGAGX"
  Assets:US:Vanguard:RGAGX                          6.684 RGAGX {53.86 USD, 2023-04-17}
  Assets:US:Vanguard:Cash                         -360.00 USD

2023-04-28 * "Employer match for contribution"
  Assets:US:Vanguard:Cash                          600.00 USD
  Income:US:Babble:Match401k                      -600.00 USD

2023-05-01 * "Investing 40% of cash in VBMPX"
  Assets:US:Vanguard:VBMPX                          3.223 VBMPX {148.91 USD, 2023-05-01}
  Assets:US:Vanguard:Cash                         -479.94 USD

2023-05-01 * "Investing 60% of cash in RGAGX"
  Assets:US:Vanguard:RGAGX                         13.521 RGAGX {53.25 USD, 2023-05-01}
  Assets:US:Vanguard:Cash                         -719.99 USD

2023-05-01 * "Investing 40% of cash in VBMPX"
  Assets:US:Vanguard:VBMPX                          1.612 VBMPX {148.91 USD, 2023-05-01}
  Assets:US:Vanguard:Cash                         -240.04 USD

2023-05-01 * "Investing 60% of cash in RGAGX"
  Assets:US:Vanguard:RGAGX                          6.761 RGAGX {53.25 USD, 2023-05-01}
  Assets:US:Vanguard:Cash                         -360.02 USD

2023-05-12 * "Employer match for contribution"
  Assets:US:Vanguard:Cash                          600.00 USD
  Income:US:Babble:Match401k                      -600.00 USD

2023-05-15 * "Investing 40% of cash in VBMPX"
  Assets:US:Vanguard:VBMPX                          3.219 VBMPX {149.10 USD, 2023-05-15}
  Assets:US:Vanguard:Cash                         -479.95 USD

2023-05-15 * "Investing 60% of cash in RGAGX"
  Assets:US:Vanguard:RGAGX                         13.438 RGAGX {53.58 USD, 2023-05-15}
  Assets:US:Vanguard:Cash                         -720.01 USD

2023-05-15 * "Investing 40% of cash in VBMPX"
  Assets:US:Vanguard:VBMPX                          1.610 VBMPX {149.10 USD, 2023-05-15}
  Assets:US:Vanguard:Cash                         -240.05 USD

2023-05-15 * "Investing 60% of cash in RGAGX"
  Assets:US:Vanguard:RGAGX                          6.719 RGAGX {53.58 USD, 2023-05-15}
  Assets:US:Vanguard:Cash                         -360.00 USD

2023-05-26 * "Employer match for contribution"
  Assets:US:Vanguard:Cash                          600.00 USD
  Income:US:Babble:Match401k                      -600.00 USD

2023-05-29 * "Investing 40% of cash in VBMPX"
  Assets:US:Vanguard:VBMPX                          3.279 VBMPX {146.39 USD, 2023-05-29}
  Assets:US:Vanguard:Cash                         -480.01 USD

2023-05-29 * "Investing 60% of cash in RGAGX"
  Assets:US:Vanguard:RGAGX                         13.559 RGAGX {53.10 USD, 2023-05-29}
  Assets:US:Vanguard:Cash                         -719.98 USD

2023-05-29 * "Investing 40% of cash in VBMPX"
  Assets:US:Vanguard:VBMPX                          1.639 VBMPX {146.39 USD, 2023-05-29}
  Assets:US:Vanguard:Cash                         -239.93 USD

2023-05-29 * "Investing 60% of cash in RGAGX"
  Assets:US:Vanguard:RGAGX                          6.780 RGAGX {53.10 USD, 2023-05-29}
  Assets:US:Vanguard:Cash                         -360.02 USD

2023-06-09 * "Employer match for contribution"
  Assets:US:Vanguard:Cash                          600.00 USD
  Income:US:Babble:Match401k                      -600.00 USD

2023-06-12 * "Investing 40% of cash in VBMPX"
  Assets:US:Vanguard:VBMPX                          3.254 VBMPX {147.52 USD, 2023-06-12}
  Assets:US:Vanguard:Cash                         -480.03 USD

2023-06-12 * "Investing 60% of cash in RGAGX"
  Assets:US:Vanguard:RGAGX                         13.666 RGAGX {52.69 USD, 2023-06-12}
  Assets:US:Vanguard:Cash                         -720.06 USD

2023-06-12 * "Investing 40% of cash in VBMPX"
  Assets:US:Vanguard:VBMPX                          1.627 VBMPX {147.52 USD, 2023-06-12}
  Assets:US:Vanguard:Cash                         -240.02 USD

2023-06-12 * "Investing 60% of cash in RGAGX"
  Assets:US:Vanguard:RGAGX                          6.832 RGAGX {52.69 USD, 2023-06-12}
  Assets:US:Vanguard:Cash                         -359.98 USD

2023-06-23 * "Employer match for contribution"
  Assets:US:Vanguard:Cash                          600.00 USD
  Income:US:Babble:Match401k                      -600.00 USD

2023-06-26 * "Investing 40% of cash in VBMPX"
  Assets:US:Vanguard:VBMPX                          3.226 VBMPX {148.78 USD, 2023-06-26}
  Assets:US:Vanguard:Cash                         -479.96 USD

2023-06-26 * "Investing 60% of cash in RGAGX"
  Assets:US:Vanguard:RGAGX                         13.701 RGAGX {52.55 USD, 2023-06-26}
  Assets:US:Vanguard:Cash                         -719.99 USD

2023-06-26 * "Investing 40% of cash in VBMPX"
  Assets:US:Vanguard:VBMPX                          1.613 VBMPX {148.78 USD, 2023-06-26}
  Assets:US:Vanguard:Cash                         -239.98 USD

2023-06-26 * "Investing 60% of cash in RGAGX"
  Assets:US:Vanguard:RGAGX                          6.851 RGAGX {52.55 USD, 2023-06-26}
  Assets:US:Vanguard:Cash                         -360.02 USD

2023-07-07 * "Employer match for contribution"
  Assets:US:Vanguard:Cash                          600.00 USD
  Income:US:Babble:Match401k                      -600.00 USD

2023-07-10 * "Investing 40% of cash in VBMPX"
  Assets:US:Vanguard:VBMPX                          3.120 VBMPX {153.84 USD, 2023-07-10}
  Assets:US:Vanguard:Cash                         -479.98 USD

2023-07-10 * "Investing 60% of cash in RGAGX"
  Assets:US:Vanguard:RGAGX                         13.897 RGAGX {51.81 USD, 2023-07-10}
  Assets:US:Vanguard:Cash                         -720.00 USD

2023-07-10 * "Investing 40% of cash in VBMPX"
  Assets:US:Vanguard:VBMPX                          1.560 VBMPX {153.84 USD, 2023-07-10}
  Assets:US:Vanguard:Cash                         -239.99 USD

2023-07-10 * "Investing 60% of cash in RGAGX"
  Assets:US:Vanguard:RGAGX                          6.949 RGAGX {51.81 USD, 2023-07-10}
  Assets:US:Vanguard:Cash                         -360.03 USD

2023-07-21 * "Employer match for contribution"
  Assets:US:Vanguard:Cash                          600.00 USD
  Income:US:Babble:Match401k                      -600.00 USD

2023-07-24 * "Investing 40% of cash in VBMPX"
  Assets:US:Vanguard:VBMPX                          3.136 VBMPX {153.07 USD, 2023-07-24}
  Assets:US:Vanguard:Cash                         -480.03 USD

2023-07-24 * "Investing 60% of cash in RGAGX"
  Assets:US:Vanguard:RGAGX                         13.655 RGAGX {52.73 USD, 2023-07-24}
  Assets:US:Vanguard:Cash                         -720.03 USD

2023-07-24 * "Investing 40% of cash in VBMPX"
  Assets:US:Vanguard:VBMPX                          1.568 VBMPX {153.07 USD, 2023-07-24}
  Assets:US:Vanguard:Cash                         -240.01 USD

2023-07-24 * "Investing 60% of cash in RGAGX"
  Assets:US:Vanguard:RGAGX                          6.827 RGAGX {52.73 USD, 2023-07-24}
  Assets:US:Vanguard:Cash                         -359.99 USD

2023-08-04 * "Employer match for contribution"
  Assets:US:Vanguard:Cash                          250.00 USD
  Income:US:Babble:Match401k                      -250.00 USD

2023-08-07 * "Investing 40% of cash in VBMPX"
  Assets:US:Vanguard:VBMPX                          1.277 VBMPX {156.63 USD, 2023-08-07}
  Assets:US:Vanguard:Cash                         -200.02 USD

2023-08-07 * "Investing 60% of cash in RGAGX"
  Assets:US:Vanguard:RGAGX                          5.807 RGAGX {51.66 USD, 2023-08-07}
  Assets:US:Vanguard:Cash                         -299.99 USD

2023-08-07 * "Investing 40% of cash in VBMPX"
  Assets:US:Vanguard:VBMPX                          0.638 VBMPX {156.63 USD, 2023-08-07}
  Assets:US:Vanguard:Cash                          -99.93 USD

2023-08-07 * "Investing 60% of cash in RGAGX"
  Assets:US:Vanguard:RGAGX                          2.903 RGAGX {51.66 USD, 2023-08-07}
  Assets:US:Vanguard:Cash                         -149.97 USD

2024-01-05 * "Employer match for contribution"
  Assets:US:Vanguard:Cash                          600.00 USD
  Income:US:Babble:Match401k                      -600.00 USD

2024-01-08 * "Investing 40% of cash in VBMPX"
  Assets:US:Vanguard:VBMPX                          3.155 VBMPX {152.16 USD, 2024-01-08}
  Assets:US:Vanguard:Cash                         -480.06 USD

2024-01-08 * "Investing 60% of cash in RGAGX"
  Assets:US:Vanguard:RGAGX                         13.978 RGAGX {51.51 USD, 2024-01-08}
  Assets:US:Vanguard:Cash                         -720.01 USD

2024-01-08 * "Investing 40% of cash in VBMPX"
  Assets:US:Vanguard:VBMPX                          1.577 VBMPX {152.16 USD, 2024-01-08}
  Assets:US:Vanguard:Cash                         -239.96 USD

2024-01-08 * "Investing 60% of cash in RGAGX"
  Assets:US:Vanguard:RGAGX                          6.989 RGAGX {51.51 USD, 2024-01-08}
  Assets:US:Vanguard:Cash                         -360.00 USD

2024-01-19 * "Employer match for contribution"
  Assets:US:Vanguard:Cash                          600.00 USD
  Income:US:Babble:Match401k                      -600.00 USD

2024-01-22 * "Investing 40% of cash in VBMPX"
  Assets:US:Vanguard:VBMPX                          3.116 VBMPX {154.05 USD, 2024-01-22}
  Assets:US:Vanguard:Cash                         -480.02 USD

2024-01-22 * "Investing 60% of cash in RGAGX"
  Assets:US:Vanguard:RGAGX                         13.539 RGAGX {53.18 USD, 2024-01-22}
  Assets:US:Vanguard:Cash                         -720.00 USD

2024-01-22 * "Investing 40% of cash in VBMPX"
  Assets:US:Vanguard:VBMPX                          1.558 VBMPX {154.05 USD, 2024-01-22}
  Assets:US:Vanguard:Cash                         -240.01 USD

2024-01-22 * "Investing 60% of cash in RGAGX"
  Assets:US:Vanguard:RGAGX                          6.769 RGAGX {53.18 USD, 2024-01-22}
  Assets:US:Vanguard:Cash                         -359.98 USD

2024-02-02 * "Employer match for contribution"
  Assets:US:Vanguard:Cash                          600.00 USD
  Income:US:Babble:Match401k                      -600.00 USD

2024-02-05 * "Investing 40% of cash in VBMPX"
  Assets:US:Vanguard:VBMPX                          3.088 VBMPX {155.45 USD, 2024-02-05}
  Assets:US:Vanguard:Cash                         -480.03 USD

2024-02-05 * "Investing 60% of cash in RGAGX"
  Assets:US:Vanguard:RGAGX                         13.948 RGAGX {51.62 USD, 2024-02-05}
  Assets:US:Vanguard:Cash                         -720.00 USD

2024-02-05 * "Investing 40% of cash in VBMPX"
  Assets:US:Vanguard:VBMPX                          1.544 VBMPX {155.45 USD, 2024-02-05}
  Assets:US:Vanguard:Cash                         -240.01 USD

2024-02-05 * "Investing 60% of cash in RGAGX"
  Assets:US:Vanguard:RGAGX                          6.974 RGAGX {51.62 USD, 2024-02-05}
  Assets:US:Vanguard:Cash                         -360.00 USD

2024-02-16 * "Employer match for contribution"
  Assets:US:Vanguard:Cash                          600.00 USD
  Income:US:Babble:Match401k                      -600.00 USD

2024-02-19 * "Investing 40% of cash in VBMPX"
  Assets:US:Vanguard:VBMPX                          3.046 VBMPX {157.57 USD, 2024-02-19}
  Assets:US:Vanguard:Cash                         -479.96 USD

2024-02-19 * "Investing 60% of cash in RGAGX"
  Assets:US:Vanguard:RGAGX                         14.112 RGAGX {51.02 USD, 2024-02-19}
  Assets:US:Vanguard:Cash                         -719.99 USD

2024-02-19 * "Investing 40% of cash in VBMPX"
  Assets:US:Vanguard:VBMPX                          1.523 VBMPX {157.57 USD, 2024-02-19}
  Assets:US:Vanguard:Cash                         -239.98 USD

2024-02-19 * "Investing 60% of cash in RGAGX"
  Assets:US:Vanguard:RGAGX                          7.056 RGAGX {51.02 USD, 2024-02-19}
  Assets:US:Vanguard:Cash                         -360.00 USD

2024-03-01 * "Employer match for contribution"
  Assets:US:Vanguard:Cash                          600.00 USD
  Income:US:Babble:Match401k                      -600.00 USD

2024-03-04 * "Investing 40% of cash in VBMPX"
  Assets:US:Vanguard:VBMPX                          3.129 VBMPX {153.43 USD, 2024-03-04}
  Assets:US:Vanguard:Cash                         -480.08 USD

2024-03-04 * "Investing 60% of cash in RGAGX"
  Assets:US:Vanguard:RGAGX                         14.363 RGAGX {50.13 USD, 2024-03-04}
  Assets:US:Vanguard:Cash                         -720.02 USD

2024-03-04 * "Investing 40% of cash in VBMPX"
  Assets:US:Vanguard:VBMPX                          1.564 VBMPX {153.43 USD, 2024-03-04}
  Assets:US:Vanguard:Cash                         -239.96 USD

2024-03-04 * "Investing 60% of cash in RGAGX"
  Assets:US:Vanguard:RGAGX                          7.181 RGAGX {50.13 USD, 2024-03-04}
  Assets:US:Vanguard:Cash                         -359.98 USD

2024-03-15 * "Employer match for contribution"
  Assets:US:Vanguard:Cash                          600.00 USD
  Income:US:Babble:Match401k                      -600.00 USD

2024-03-18 * "Investing 40% of cash in VBMPX"
  Assets:US:Vanguard:VBMPX                          3.127 VBMPX {153.52 USD, 2024-03-18}
  Assets:US:Vanguard:Cash                         -480.06 USD

2024-03-18 * "Investing 60% of cash in RGAGX"
  Assets:US:Vanguard:RGAGX                         14.049 RGAGX {51.25 USD, 2024-03-18}
  Assets:US:Vanguard:Cash                         -720.01 USD

2024-03-18 * "Investing 40% of cash in VBMPX"
  Assets:US:Vanguard:VBMPX                          1.563 VBMPX {153.52 USD, 2024-03-18}
  Assets:US:Vanguard:Cash                         -239.95 USD

2024-03-18 * "Investing 60% of cash in RGAGX"
  Assets:US:Vanguard:RGAGX                          7.024 RGAGX {51.25 USD, 2024-03-18}
  Assets:US:Vanguard:Cash                         -359.98 USD

2024-03-29 * "Employer match for contribution"
  Assets:US:Vanguard:Cash                          600.00 USD
  Income:US:Babble:Match401k                      -600.00 USD

2024-04-01 * "Investing 40% of cash in VBMPX"
  Assets:US:Vanguard:VBMPX                          3.165 VBMPX {151.66 USD, 2024-04-01}
  Assets:US:Vanguard:Cash                         -480.00 USD

2024-04-01 * "Investing 60% of cash in RGAGX"
  Assets:US:Vanguard:RGAGX                         13.943 RGAGX {51.64 USD, 2024-04-01}
  Assets:US:Vanguard:Cash                         -720.02 USD

2024-04-01 * "Investing 40% of cash in VBMPX"
  Assets:US:Vanguard:VBMPX                          1.582 VBMPX {151.66 USD, 2024-04-01}
  Assets:US:Vanguard:Cash                         -239.93 USD

2024-04-01 * "Investing 60% of cash in RGAGX"
  Assets:US:Vanguard:RGAGX                          6.971 RGAGX {51.64 USD, 2024-04-01}
  Assets:US:Vanguard:Cash                         -359.98 USD

2024-04-12 * "Employer match for contribution"
  Assets:US:Vanguard:Cash                          600.00 USD
  Income:US:Babble:Match401k                      -600.00 USD

2024-04-15 * "Investing 40% of cash in VBMPX"
  Assets:US:Vanguard:VBMPX                          3.175 VBMPX {151.19 USD, 2024-04-15}
  Assets:US:Vanguard:Cash                         -480.03 USD

2024-04-15 * "Investing 60% of cash in RGAGX"
  Assets:US:Vanguard:RGAGX                         13.524 RGAGX {53.24 USD, 2024-04-15}
  Assets:US:Vanguard:Cash                         -720.02 USD

2024-04-15 * "Investing 40% of cash in VBMPX"
  Assets:US:Vanguard:VBMPX                          1.587 VBMPX {151.19 USD, 2024-04-15}
  Assets:US:Vanguard:Cash                         -239.94 USD

2024-04-15 * "Investing 60% of cash in RGAGX"
  Assets:US:Vanguard:RGAGX                          6.762 RGAGX {53.24 USD, 2024-04-15}
  Assets:US:Vanguard:Cash                         -360.01 USD

2024-04-26 * "Employer match for contribution"
  Assets:US:Vanguard:Cash                          600.00 USD
  Income:US:Babble:Match401k                      -600.00 USD

2024-04-29 * "Investing 40% of cash in VBMPX"
  Assets:US:Vanguard:VBMPX                          3.210 VBMPX {149.56 USD, 2024-04-29}
  Assets:US:Vanguard:Cash                         -480.09 USD

2024-04-29 * "Investing 60% of cash in RGAGX"
  Assets:US:Vanguard:RGAGX                         13.509 RGAGX {53.30 USD, 2024-04-29}
  Assets:US:Vanguard:Cash                         -720.03 USD

2024-04-29 * "Investing 40% of cash in VBMPX"
  Assets:US:Vanguard:VBMPX                          1.605 VBMPX {149.56 USD, 2024-04-29}
  Assets:US:Vanguard:Cash                         -240.04 USD

2024-04-29 * "Investing 60% of cash in RGAGX"
  Assets:US:Vanguard:RGAGX                          6.754 RGAGX {53.30 USD, 2024-04-29}
  Assets:US:Vanguard:Cash                         -359.99 USD

2024-05-10 * "Employer match for contribution"
  Assets:US:Vanguard:Cash                          600.00 USD
  Income:US:Babble:Match401k                      -600.00 USD

2024-05-13 * "Investing 40% of cash in VBMPX"
  Assets:US:Vanguard:VBMPX                          3.124 VBMPX {153.62 USD, 2024-05-13}
  Assets:US:Vanguard:Cash                         -479.91 USD

2024-05-13 * "Investing 60% of cash in RGAGX"
  Assets:US:Vanguard:RGAGX                         13.313 RGAGX {54.08 USD, 2024-05-13}
  Assets:US:Vanguard:Cash                         -719.97 USD

2024-05-13 * "Investing 40% of cash in VBMPX"
  Assets:US:Vanguard:VBMPX                          1.562 VBMPX {153.62 USD, 2024-05-13}
  Assets:US:Vanguard:Cash                         -239.95 USD

2024-05-13 * "Investing 60% of cash in RGAGX"
  Assets:US:Vanguard:RGAGX                          6.657 RGAGX {54.08 USD, 2024-05-13}
  Assets:US:Vanguard:Cash                         -360.01 USD

2024-05-24 * "Employer match for contribution"
  Assets:US:Vanguard:Cash                          600.00 USD
  Income:US:Babble:Match401k                      -600.00 USD

2024-05-27 * "Investing 40% of cash in VBMPX"
  Assets:US:Vanguard:VBMPX                          3.118 VBMPX {153.96 USD, 2024-05-27}
  Assets:US:Vanguard:Cash                         -480.05 USD

2024-05-27 * "Investing 60% of cash in RGAGX"
  Assets:US:Vanguard:RGAGX                         13.568 RGAGX {53.07 USD, 2024-05-27}
  Assets:US:Vanguard:Cash                         -720.05 USD

2024-05-27 * "Investing 40% of cash in VBMPX"
  Assets:US:Vanguard:VBMPX                          1.559 VBMPX {153.96 USD, 2024-05-27}
  Assets:US:Vanguard:Cash                         -240.02 USD

2024-05-27 * "Investing 60% of cash in RGAGX"
  Assets:US:Vanguard:RGAGX                          6.783 RGAGX {53.07 USD, 2024-05-27}
  Assets:US:Vanguard:Cash                         -359.97 USD

2024-06-07 * "Employer match for contribution"
  Assets:US:Vanguard:Cash                          600.00 USD
  Income:US:Babble:Match401k                      -600.00 USD

2024-06-10 * "Investing 40% of cash in VBMPX"
  Assets:US:Vanguard:VBMPX                          3.103 VBMPX {154.67 USD, 2024-06-10}
  Assets:US:Vanguard:Cash                         -479.94 USD

2024-06-10 * "Investing 60% of cash in RGAGX"
  Assets:US:Vanguard:RGAGX                         13.390 RGAGX {53.77 USD, 2024-06-10}
  Assets:US:Vanguard:Cash                         -719.98 USD

2024-06-10 * "Investing 40% of cash in VBMPX"
  Assets:US:Vanguard:VBMPX                          1.552 VBMPX {154.67 USD, 2024-06-10}
  Assets:US:Vanguard:Cash                         -240.05 USD

2024-06-10 * "Investing 60% of cash in RGAGX"
  Assets:US:Vanguard:RGAGX                          6.696 RGAGX {53.77 USD, 2024-06-10}
  Assets:US:Vanguard:Cash                         -360.04 USD

2024-06-21 * "Employer match for contribution"
  Assets:US:Vanguard:Cash                          600.00 USD
  Income:US:Babble:Match401k                      -600.00 USD

2024-06-24 * "Investing 40% of cash in VBMPX"
  Assets:US:Vanguard:VBMPX                          3.139 VBMPX {152.91 USD, 2024-06-24}
  Assets:US:Vanguard:Cash                         -479.98 USD

2024-06-24 * "Investing 60% of cash in RGAGX"
  Assets:US:Vanguard:RGAGX                         13.343 RGAGX {53.96 USD, 2024-06-24}
  Assets:US:Vanguard:Cash                         -719.99 USD

2024-06-24 * "Investing 40% of cash in VBMPX"
  Assets:US:Vanguard:VBMPX                          1.570 VBMPX {152.91 USD, 2024-06-24}
  Assets:US:Vanguard:Cash                         -240.07 USD

2024-06-24 * "Investing 60% of cash in RGAGX"
  Assets:US:Vanguard:RGAGX                          6.672 RGAGX {53.96 USD, 2024-06-24}
  Assets:US:Vanguard:Cash                         -360.02 USD

2024-07-05 * "Employer match for contribution"
  Assets:US:Vanguard:Cash                          600.00 USD
  Income:US:Babble:Match401k                      -600.00 USD

2024-07-08 * "Investing 40% of cash in VBMPX"
  Assets:US:Vanguard:VBMPX                          3.215 VBMPX {149.31 USD, 2024-07-08}
  Assets:US:Vanguard:Cash                         -480.03 USD

2024-07-08 * "Investing 60% of cash in RGAGX"
  Assets:US:Vanguard:RGAGX                         13.164 RGAGX {54.69 USD, 2024-07-08}
  Assets:US:Vanguard:Cash                         -719.94 USD

2024-07-08 * "Investing 40% of cash in VBMPX"
  Assets:US:Vanguard:VBMPX                          1.607 VBMPX {149.31 USD, 2024-07-08}
  Assets:US:Vanguard:Cash                         -239.94 USD

2024-07-08 * "Investing 60% of cash in RGAGX"
  Assets:US:Vanguard:RGAGX                          6.582 RGAGX {54.69 USD, 2024-07-08}
  Assets:US:Vanguard:Cash                         -359.97 USD

2024-07-19 * "Employer match for contribution"
  Assets:US:Vanguard:Cash                          600.00 USD
  Income:US:Babble:Match401k                      -600.00 USD

2024-07-22 * "Investing 40% of cash in VBMPX"
  Assets:US:Vanguard:VBMPX                          3.146 VBMPX {152.57 USD, 2024-07-22}
  Assets:US:Vanguard:Cash                         -479.99 USD

2024-07-22 * "Investing 60% of cash in RGAGX"
  Assets:US:Vanguard:RGAGX                         13.216 RGAGX {54.48 USD, 2024-07-22}
  Assets:US:Vanguard:Cash                         -720.01 USD

2024-07-22 * "Investing 40% of cash in VBMPX"
  Assets:US:Vanguard:VBMPX                          1.573 VBMPX {152.57 USD, 2024-07-22}
  Assets:US:Vanguard:Cash                         -239.99 USD

2024-07-22 * "Investing 60% of cash in RGAGX"
  Assets:US:Vanguard:RGAGX                          6.608 RGAGX {54.48 USD, 2024-07-22}
  Assets:US:Vanguard:Cash                         -360.00 USD

2024-08-02 * "Employer match for contribution"
  Assets:US:Vanguard:Cash                          250.00 USD
  Income:US:Babble:Match401k                      -250.00 USD

2024-08-05 * "Investing 40% of cash in VBMPX"
  Assets:US:Vanguard:VBMPX                          1.302 VBMPX {153.62 USD, 2024-08-05}
  Assets:US:Vanguard:Cash                         -200.01 USD

2024-08-05 * "Investing 60% of cash in RGAGX"
  Assets:US:Vanguard:RGAGX                          5.403 RGAGX {55.53 USD, 2024-08-05}
  Assets:US:Vanguard:Cash                         -300.03 USD

2024-08-05 * "Investing 40% of cash in VBMPX"
  Assets:US:Vanguard:VBMPX                          0.651 VBMPX {153.62 USD, 2024-08-05}
  Assets:US:Vanguard:Cash                         -100.01 USD

2024-08-05 * "Investing 60% of cash in RGAGX"
  Assets:US:Vanguard:RGAGX                          2.701 RGAGX {55.53 USD, 2024-08-05}
  Assets:US:Vanguard:Cash                         -149.99 USD

2025-01-03 * "Employer match for contribution"
  Assets:US:Vanguard:Cash                          600.00 USD
  Income:US:Babble:Match401k                      -600.00 USD

2025-01-06 * "Investing 40% of cash in VBMPX"
  Assets:US:Vanguard:VBMPX                          3.215 VBMPX {149.32 USD, 2025-01-06}
  Assets:US:Vanguard:Cash                         -480.06 USD

2025-01-06 * "Investing 60% of cash in RGAGX"
  Assets:US:Vanguard:RGAGX                         11.798 RGAGX {61.03 USD, 2025-01-06}
  Assets:US:Vanguard:Cash                         -720.03 USD

2025-01-06 * "Investing 40% of cash in VBMPX"
  Assets:US:Vanguard:VBMPX                          1.607 VBMPX {149.32 USD, 2025-01-06}
  Assets:US:Vanguard:Cash                         -239.96 USD

2025-01-06 * "Investing 60% of cash in RGAGX"
  Assets:US:Vanguard:RGAGX                          5.898 RGAGX {61.03 USD, 2025-01-06}
  Assets:US:Vanguard:Cash                         -359.95 USD

2025-01-17 * "Employer match for contribution"
  Assets:US:Vanguard:Cash                          600.00 USD
  Income:US:Babble:Match401k                      -600.00 USD

2025-01-20 * "Investing 40% of cash in VBMPX"
  Assets:US:Vanguard:VBMPX                          3.182 VBMPX {150.84 USD, 2025-01-20}
  Assets:US:Vanguard:Cash                         -479.97 USD

2025-01-20 * "Investing 60% of cash in RGAGX"
  Assets:US:Vanguard:RGAGX                         11.846 RGAGX {60.78 USD, 2025-01-20}
  Assets:US:Vanguard:Cash                         -720.00 USD

2025-01-20 * "Investing 40% of cash in VBMPX"
  Assets:US:Vanguard:VBMPX                          1.591 VBMPX {150.84 USD, 2025-01-20}
  Assets:US:Vanguard:Cash                         -239.99 USD

2025-01-20 * "Investing 60% of cash in RGAGX"
  Assets:US:Vanguard:RGAGX                          5.923 RGAGX {60.78 USD, 2025-01-20}
  Assets:US:Vanguard:Cash                         -360.00 USD

2025-01-31 * "Employer match for contribution"
  Assets:US:Vanguard:Cash                          600.00 USD
  Income:US:Babble:Match401k                      -600.00 USD

2025-02-03 * "Investing 40% of cash in VBMPX"
  Assets:US:Vanguard:VBMPX                          3.258 VBMPX {147.33 USD, 2025-02-03}
  Assets:US:Vanguard:Cash                         -480.00 USD

2025-02-03 * "Investing 60% of cash in RGAGX"
  Assets:US:Vanguard:RGAGX                         11.967 RGAGX {60.17 USD, 2025-02-03}
  Assets:US:Vanguard:Cash                         -720.05 USD

2025-02-03 * "Investing 40% of cash in VBMPX"
  Assets:US:Vanguard:VBMPX                          1.629 VBMPX {147.33 USD, 2025-02-03}
  Assets:US:Vanguard:Cash                         -240.00 USD

2025-02-03 * "Investing 60% of cash in RGAGX"
  Assets:US:Vanguard:RGAGX                          5.983 RGAGX {60.17 USD, 2025-02-03}
  Assets:US:Vanguard:Cash                         -360.00 USD

2025-02-14 * "Employer match for contribution"
  Assets:US:Vanguard:Cash                          600.00 USD
  Income:US:Babble:Match401k                      -600.00 USD

2025-02-17 * "Investing 40% of cash in VBMPX"
  Assets:US:Vanguard:VBMPX                          3.290 VBMPX {145.88 USD, 2025-02-17}
  Assets:US:Vanguard:Cash                         -479.95 USD

2025-02-17 * "Investing 60% of cash in RGAGX"
  Assets:US:Vanguard:RGAGX                         11.832 RGAGX {60.85 USD, 2025-02-17}
  Assets:US:Vanguard:Cash                         -719.98 USD

2025-02-17 * "Investing 40% of cash in VBMPX"
  Assets:US:Vanguard:VBMPX                          1.645 VBMPX {145.88 USD, 2025-02-17}
  Assets:US:Vanguard:Cash                         -239.97 USD

2025-02-17 * "Investing 60% of cash in RGAGX"
  Assets:US:Vanguard:RGAGX                          5.917 RGAGX {60.85 USD, 2025-02-17}
  Assets:US:Vanguard:Cash                         -360.05 USD

2025-02-28 * "Employer match for contribution"
  Assets:US:Vanguard:Cash                          600.00 USD
  Income:US:Babble:Match401k                      -600.00 USD

2025-03-03 * "Investing 40% of cash in VBMPX"
  Assets:US:Vanguard:VBMPX                          3.393 VBMPX {141.48 USD, 2025-03-03}
  Assets:US:Vanguard:Cash                         -480.04 USD

2025-03-03 * "Investing 60% of cash in RGAGX"
  Assets:US:Vanguard:RGAGX                         11.740 RGAGX {61.33 USD, 2025-03-03}
  Assets:US:Vanguard:Cash                         -720.01 USD

2025-03-03 * "Investing 40% of cash in VBMPX"
  Assets:US:Vanguard:VBMPX                          1.696 VBMPX {141.48 USD, 2025-03-03}
  Assets:US:Vanguard:Cash                         -239.95 USD

2025-03-03 * "Investing 60% of cash in RGAGX"
  Assets:US:Vanguard:RGAGX                          5.870 RGAGX {61.33 USD, 2025-03-03}
  Assets:US:Vanguard:Cash                         -360.01 USD

2025-03-14 * "Employer match for contribution"
  Assets:US:Vanguard:Cash                          600.00 USD
  Income:US:Babble:Match401k                      -600.00 USD

2025-03-17 * "Investing 40% of cash in VBMPX"
  Assets:US:Vanguard:VBMPX                          3.367 VBMPX {142.56 USD, 2025-03-17}
  Assets:US:Vanguard:Cash                         -480.00 USD

2025-03-17 * "Investing 60% of cash in RGAGX"
  Assets:US:Vanguard:RGAGX                         12.059 RGAGX {59.71 USD, 2025-03-17}
  Assets:US:Vanguard:Cash                         -720.04 USD

2025-03-17 * "Investing 40% of cash in VBMPX"
  Assets:US:Vanguard:VBMPX                          1.684 VBMPX {142.56 USD, 2025-03-17}
  Assets:US:Vanguard:Cash                         -240.07 USD

2025-03-17 * "Investing 60% of cash in RGAGX"
  Assets:US:Vanguard:RGAGX                          6.029 RGAGX {59.71 USD, 2025-03-17}
  Assets:US:Vanguard:Cash                         -359.99 USD

2023-01-01 open Income:US:Babble:Salary                      USD
2023-01-01 open Income:US:Babble:GroupTermLife               USD
2023-01-01 open Income:US:Babble:Vacation                    VACHR
2023-01-01 open Assets:US:Babble:Vacation                    VACHR
2023-01-01 open Expenses:Vacation                               VACHR
2023-01-01 open Expenses:Health:Life:GroupTermLife
2023-01-01 open Expenses:Health:Medical:Insurance
2023-01-01 open Expenses:Health:Dental:Insurance
2023-01-01 open Expenses:Health:Vision:Insurance

2023-01-01 event "employer" "Babble, 1 Continuous Loop, Bupertina, CA"

2023-01-05 * "Babble" "Payroll"
  Assets:US:BofA:Checking                         1350.60 USD
  Assets:US:Vanguard:Cash                         1200.00 USD
  Income:US:Babble:Salary                        -4615.38 USD
  Income:US:Babble:GroupTermLife                   -24.32 USD
  Expenses:Health:Life:GroupTermLife                24.32 USD
  Expenses:Health:Dental:Insurance                   2.90 USD
  Expenses:Health:Medical:Insurance                 27.38 USD
  Expenses:Health:Vision:Insurance                  42.30 USD
  Expenses:Taxes:Y2023:US:Medicare                 106.62 USD
  Expenses:Taxes:Y2023:US:Federal                 1062.92 USD
  Expenses:Taxes:Y2023:US:State                    365.08 USD
  Expenses:Taxes:Y2023:US:CityNYC                  174.92 USD
  Expenses:Taxes:Y2023:US:SDI                        1.12 USD
  Expenses:Taxes:Y2023:US:SocSec                   281.54 USD
  Assets:US:Federal:PreTax401k                   -1200.00 IRAUSD
  Expenses:Taxes:Y2023:US:Federal:PreTax401k      1200.00 IRAUSD
  Assets:US:Babble:Vacation                             5 VACHR
  Income:US:Babble:Vacation                            -5 VACHR

2023-01-19 * "Babble" "Payroll"
  Assets:US:BofA:Checking                         1350.60 USD
  Assets:US:Vanguard:Cash                         1200.00 USD
  Income:US:Babble:Salary                        -4615.38 USD
  Income:US:Babble:GroupTermLife                   -24.32 USD
  Expenses:Health:Life:GroupTermLife                24.32 USD
  Expenses:Health:Dental:Insurance                   2.90 USD
  Expenses:Health:Medical:Insurance                 27.38 USD
  Expenses:Health:Vision:Insurance                  42.30 USD
  Expenses:Taxes:Y2023:US:Medicare                 106.62 USD
  Expenses:Taxes:Y2023:US:Federal                 1062.92 USD
  Expenses:Taxes:Y2023:US:State                    365.08 USD
  Expenses:Taxes:Y2023:US:CityNYC                  174.92 USD
  Expenses:Taxes:Y2023:US:SDI                        1.12 USD
  Expenses:Taxes:Y2023:US:SocSec                   281.54 USD
  Assets:US:Federal:PreTax401k                   -1200.00 IRAUSD
  Expenses:Taxes:Y2023:US:Federal:PreTax401k      1200.00 IRAUSD
  Assets:US:Babble:Vacation                             5 VACHR
  Income:US:Babble:Vacation                            -5 VACHR

2023-02-02 * "Babble" "Payroll"
  Assets:US:BofA:Checking                         1350.60 USD
  Assets:US:Vanguard:Cash                         1200.00 USD
  Income:US:Babble:Salary                        -4615.38 USD
  Income:US:Babble:GroupTermLife                   -24.32 USD
  Expenses:Health:Life:GroupTermLife                24.32 USD
  Expenses:Health:Dental:Insurance                   2.90 USD
  Expenses:Health:Medical:Insurance                 27.38 USD
  Expenses:Health:Vision:Insurance                  42.30 USD
  Expenses:Taxes:Y2023:US:Medicare                 106.62 USD
  Expenses:Taxes:Y2023:US:Federal                 1062.92 USD
  Expenses:Taxes:Y2023:US:State                    365.08 USD
  Expenses:Taxes:Y2023:US:CityNYC                  174.92 USD
  Expenses:Taxes:Y2023:US:SDI                        1.12 USD
  Expenses:Taxes:Y2023:US:SocSec                   281.54 USD
  Assets:US:Federal:PreTax401k                   -1200.00 IRAUSD
  Expenses:Taxes:Y2023:US:Federal:PreTax401k      1200.00 IRAUSD
  Assets:US:Babble:Vacation                             5 VACHR
  Income:US:Babble:Vacation                            -5 VACHR

2023-02-16 * "Babble" "Payroll"
  Assets:US:BofA:Checking                         1350.60 USD
  Assets:US:Vanguard:Cash                         1200.00 USD
  Income:US:Babble:Salary                        -4615.38 USD
  Income:US:Babble:GroupTermLife                   -24.32 USD
  Expenses:Health:Life:GroupTermLife                24.32 USD
  Expenses:Health:Dental:Insurance                   2.90 USD
  Expenses:Health:Medical:Insurance                 27.38 USD
  Expenses:Health:Vision:Insurance                  42.30 USD
  Expenses:Taxes:Y2023:US:Medicare                 106.62 USD
  Expenses:Taxes:Y2023:US:Federal                 1062.92 USD
  Expenses:Taxes:Y2023:US:State                    365.08 USD
  Expenses:Taxes:Y2023:US:CityNYC                  174.92 USD
  Expenses:Taxes:Y2023:US:SDI                        1.12 USD
  Expenses:Taxes:Y2023:US:SocSec                   281.54 USD
  Assets:US:Federal:PreTax401k                   -1200.00 IRAUSD
  Expenses:Taxes:Y2023:US:Federal:PreTax401k      1200.00 IRAUSD
  Assets:US:Babble:Vacation                             5 VACHR
  Income:US:Babble:Vacation                            -5 VACHR

2023-03-02 * "Babble" "Payroll"
  Assets:US:BofA:Checking                         1350.60 USD
  Assets:US:Vanguard:Cash                         1200.00 USD
  Income:US:Babble:Salary                        -4615.38 USD
  Income:US:Babble:GroupTermLife                   -24.32 USD
  Expenses:Health:Life:GroupTermLife                24.32 USD
  Expenses:Health:Dental:Insurance                   2.90 USD
  Expenses:Health:Medical:Insurance                 27.38 USD
  Expenses:Health:Vision:Insurance                  42.30 USD
  Expenses:Taxes:Y2023:US:Medicare                 106.62 USD
  Expenses:Taxes:Y2023:US:Federal                 1062.92 USD
  Expenses:Taxes:Y2023:US:State                    365.08 USD
  Expenses:Taxes:Y2023:US:CityNYC                  174.92 USD
  Expenses:Taxes:Y2023:US:SDI                        1.12 USD
  Expenses:Taxes:Y2023:US:SocSec                   281.54 USD
  Assets:US:Federal:PreTax401k                   -1200.00 IRAUSD
  Expenses:Taxes:Y2023:US:Federal:PreTax401k      1200.00 IRAUSD
  Assets:US:Babble:Vacation                             5 VACHR
  Income:US:Babble:Vacation                            -5 VACHR

2023-03-16 * "Babble" "Payroll"
  Assets:US:BofA:Checking                         1350.60 USD
  Assets:US:Vanguard:Cash                         1200.00 USD
  Income:US:Babble:Salary                        -4615.38 USD
  Income:US:Babble:GroupTermLife                   -24.32 USD
  Expenses:Health:Life:GroupTermLife                24.32 USD
  Expenses:Health:Dental:Insurance                   2.90 USD
  Expenses:Health:Medical:Insurance                 27.38 USD
  Expenses:Health:Vision:Insurance                  42.30 USD
  Expenses:Taxes:Y2023:US:Medicare                 106.62 USD
  Expenses:Taxes:Y2023:US:Federal                 1062.92 USD
  Expenses:Taxes:Y2023:US:State                    365.08 USD
  Expenses:Taxes:Y2023:US:CityNYC                  174.92 USD
  Expenses:Taxes:Y2023:US:SDI                        1.12 USD
  Expenses:Taxes:Y2023:US:SocSec                   281.54 USD
  Assets:US:Federal:PreTax401k                   -1200.00 IRAUSD
  Expenses:Taxes:Y2023:US:Federal:PreTax401k      1200.00 IRAUSD
  Assets:US:Babble:Vacation                             5 VACHR
  Income:US:Babble:Vacation                            -5 VACHR

2023-03-30 * "Babble" "Payroll"
  Assets:US:BofA:Checking                         1350.60 USD
  Assets:US:Vanguard:Cash                         1200.00 USD
  Income:US:Babble:Salary                        -4615.38 USD
  Income:US:Babble:GroupTermLife                   -24.32 USD
  Expenses:Health:Life:GroupTermLife                24.32 USD
  Expenses:Health:Dental:Insurance                   2.90 USD
  Expenses:Health:Medical:Insurance                 27.38 USD
  Expenses:Health:Vision:Insurance                  42.30 USD
  Expenses:Taxes:Y2023:US:Medicare                 106.62 USD
  Expenses:Taxes:Y2023:US:Federal                 1062.92 USD
  Expenses:Taxes:Y2023:US:State                    365.08 USD
  Expenses:Taxes:Y2023:US:CityNYC                  174.92 USD
  Expenses:Taxes:Y2023:US:SDI                        1.12 USD
  Expenses:Taxes:Y2023:US:SocSec                   281.54 USD
  Assets:US:Federal:PreTax401k                   -1200.00 IRAUSD
  Expenses:Taxes:Y2023:US:Federal:PreTax401k      1200.00 IRAUSD
  Assets:US:Babble:Vacation                             5 VACHR
  Income:US:Babble:Vacation                            -5 VACHR

2023-04-13 * "Babble" "Payroll"
  Assets:US:BofA:Checking                         1350.60 USD
  Assets:US:Vanguard:Cash                         1200.00 USD
  Income:US:Babble:Salary                        -4615.38 USD
  Income:US:Babble:GroupTermLife                   -24.32 USD
  Expenses:Health:Life:GroupTermLife                24.32 USD
  Expenses:Health:Dental:Insurance                   2.90 USD
  Expenses:Health:Medical:Insurance                 27.38 USD
  Expenses:Health:Vision:Insurance                  42.30 USD
  Expenses:Taxes:Y2023:US:Medicare                 106.62 USD
  Expenses:Taxes:Y2023:US:Federal                 1062.92 USD
  Expenses:Taxes:Y2023:US:State                    365.08 USD
  Expenses:Taxes:Y2023:US:CityNYC                  174.92 USD
  Expenses:Taxes:Y2023:US:SDI                        1.12 USD
  Expenses:Taxes:Y2023:US:SocSec                   281.54 USD
  Assets:US:Federal:PreTax401k                   -1200.00 IRAUSD
  Expenses:Taxes:Y2023:US:Federal:PreTax401k      1200.00 IRAUSD
  Assets:US:Babble:Vacation                             5 VACHR
  Income:US:Babble:Vacation                            -5 VACHR

2023-04-27 * "Babble" "Payroll"
  Assets:US:BofA:Checking                         1350.60 USD
  Assets:US:Vanguard:Cash                         1200.00 USD
  Income:US:Babble:Salary                        -4615.38 USD
  Income:US:Babble:GroupTermLife                   -24.32 USD
  Expenses:Health:Life:GroupTermLife                24.32 USD
  Expenses:Health:Dental:Insurance                   2.90 USD
  Expenses:Health:Medical:Insurance                 27.38 USD
  Expenses:Health:Vision:Insurance                  42.30 USD
  Expenses:Taxes:Y2023:US:Medicare                 106.62 USD
  Expenses:Taxes:Y2023:US:Federal                 1062.92 USD
  Expenses:Taxes:Y2023:US:State                    365.08 USD
  Expenses:Taxes:Y2023:US:CityNYC                  174.92 USD
  Expenses:Taxes:Y2023:US:SDI                        1.12 USD
  Expenses:Taxes:Y2023:US:SocSec                   281.54 USD
  Assets:US:Federal:PreTax401k                   -1200.00 IRAUSD
  Expenses:Taxes:Y2023:US:Federal:PreTax401k      1200.00 IRAUSD
  Assets:US:Babble:Vacation                             5 VACHR
  Income:US:Babble:Vacation                            -5 VACHR

2023-05-11 * "Babble" "Payroll"
  Assets:US:BofA:Checking                         1350.60 USD
  Assets:US:Vanguard:Cash                         1200.00 USD
  Income:US:Babble:Salary                        -4615.38 USD
  Income:US:Babble:GroupTermLife                   -24.32 USD
  Expenses:Health:Life:GroupTermLife                24.32 USD
  Expenses:Health:Dental:Insurance                   2.90 USD
  Expenses:Health:Medical:Insurance                 27.38 USD
  Expenses:Health:Vision:Insurance                  42.30 USD
  Expenses:Taxes:Y2023:US:Medicare                 106.62 USD
  Expenses:Taxes:Y2023:US:Federal                 1062.92 USD
  Expenses:Taxes:Y2023:US:State                    365.08 USD
  Expenses:Taxes:Y2023:US:CityNYC                  174.92 USD
  Expenses:Taxes:Y2023:US:SDI                        1.12 USD
  Expenses:Taxes:Y2023:US:SocSec                   281.54 USD
  Assets:US:Federal:PreTax401k                   -1200.00 IRAUSD
  Expenses:Taxes:Y2023:US:Federal:PreTax401k      1200.00 IRAUSD
  Assets:US:Babble:Vacation                             5 VACHR
  Income:US:Babble:Vacation                            -5 VACHR

2023-05-25 * "Babble" "Payroll"
  Assets:US:BofA:Checking                         1350.60 USD
  Assets:US:Vanguard:Cash                         1200.00 USD
  Income:US:Babble:Salary                        -4615.38 USD
  Income:US:Babble:GroupTermLife                   -24.32 USD
  Expenses:Health:Life:GroupTermLife                24.32 USD
  Expenses:Health:Dental:Insurance                   2.90 USD
  Expenses:Health:Medical:Insurance                 27.38 USD
  Expenses:Health:Vision:Insurance                  42.30 USD
  Expenses:Taxes:Y2023:US:Medicare                 106.62 USD
  Expenses:Taxes:Y2023:US:Federal                 1062.92 USD
  Expenses:Taxes:Y2023:US:State                    365.08 USD
  Expenses:Taxes:Y2023:US:CityNYC                  174.92 USD
  Expenses:Taxes:Y2023:US:SDI                        1.12 USD
  Expenses:Taxes:Y2023:US:SocSec                   281.54 USD
  Assets:US:Federal:PreTax401k                   -1200.00 IRAUSD
  Expenses:Taxes:Y2023:US:Federal:PreTax401k      1200.00 IRAUSD
  Assets:US:Babble:Vacation                             5 VACHR
  Income:US:Babble:Vacation                            -5 VACHR

2023-06-08 * "Babble" "Payroll"
  Assets:US:BofA:Checking                         1350.60 USD
  Assets:US:Vanguard:Cash                         1200.00 USD
  Income:US:Babble:Salary                        -4615.38 USD
  Income:US:Babble:GroupTermLife                   -24.32 USD
  Expenses:Health:Life:GroupTermLife                24.32 USD
  Expenses:Health:Dental:Insurance                   2.90 USD
  Expenses:Health:Medical:Insurance                 27.38 USD
  Expenses:Health:Vision:Insurance                  42.30 USD
  Expenses:Taxes:Y2023:US:Medicare                 106.62 USD
  Expenses:Taxes:Y2023:US:Federal                 1062.92 USD
  Expenses:Taxes:Y2023:US:State                    365.08 USD
  Expenses:Taxes:Y2023:US:CityNYC                  174.92 USD
  Expenses:Taxes:Y2023:US:SDI                        1.12 USD
  Expenses:Taxes:Y2023:US:SocSec                   281.54 USD
  Assets:US:Federal:PreTax401k                   -1200.00 IRAUSD
  Expenses:Taxes:Y2023:US:Federal:PreTax401k      1200.00 IRAUSD
  Assets:US:Babble:Vacation                             5 VACHR
  Income:US:Babble:Vacation                            -5 VACHR

2023-06-22 * "Babble" "Payroll"
  Assets:US:BofA:Checking                         1350.60 USD
  Assets:US:Vanguard:Cash                         1200.00 USD
  Income:US:Babble:Salary                        -4615.38 USD
  Income:US:Babble:GroupTermLife                   -24.32 USD
  Expenses:Health:Life:GroupTermLife                24.32 USD
  Expenses:Health:Dental:Insurance                   2.90 USD
  Expenses:Health:Medical:Insurance                 27.38 USD
  Expenses:Health:Vision:Insurance                  42.30 USD
  Expenses:Taxes:Y2023:US:Medicare                 106.62 USD
  Expenses:Taxes:Y2023:US:Federal                 1062.92 USD
  Expenses:Taxes:Y2023:US:State                    365.08 USD
  Expenses:Taxes:Y2023:US:CityNYC                  174.92 USD
  Expenses:Taxes:Y2023:US:SDI                        1.12 USD
  Expenses:Taxes:Y2023:US:SocSec                   281.54 USD
  Assets:US:Federal:PreTax401k                   -1200.00 IRAUSD
  Expenses:Taxes:Y2023:US:Federal:PreTax401k      1200.00 IRAUSD
  Assets:US:Babble:Vacation                             5 VACHR
  Income:US:Babble:Vacation                            -5 VACHR

2023-07-06 * "Babble" "Payroll"
  Assets:US:BofA:Checking                         1350.60 USD
  Assets:US:Vanguard:Cash                         1200.00 USD
  Income:US:Babble:Salary                        -4615.38 USD
  Income:US:Babble:GroupTermLife                   -24.32 USD
  Expenses:Health:Life:GroupTermLife                24.32 USD
  Expenses:Health:Dental:Insurance                   2.90 USD
  Expenses:Health:Medical:Insurance                 27.38 USD
  Expenses:Health:Vision:Insurance                  42.30 USD
  Expenses:Taxes:Y2023:US:Medicare                 106.62 USD
  Expenses:Taxes:Y2023:US:Federal                 1062.92 USD
  Expenses:Taxes:Y2023:US:State                    365.08 USD
  Expenses:Taxes:Y2023:US:CityNYC                  174.92 USD
  Expenses:Taxes:Y2023:US:SDI                        1.12 USD
  Expenses:Taxes:Y2023:US:SocSec                   281.54 USD
  Assets:US:Federal:PreTax401k                   -1200.00 IRAUSD
  Expenses:Taxes:Y2023:US:Federal:PreTax401k      1200.00 IRAUSD
  Assets:US:Babble:Vacation                             5 VACHR
  Income:US:Babble:Vacation                            -5 VACHR

2023-07-20 * "Babble" "Payroll"
  Assets:US:BofA:Checking                         1350.60 USD
  Assets:US:Vanguard:Cash                         1200.00 USD
  Income:US:Babble:Salary                        -4615.38 USD
  Income:US:Babble:GroupTermLife                   -24.32 USD
  Expenses:Health:Life:GroupTermLife                24.32 USD
  Expenses:Health:Dental:Insurance                   2.90 USD
  Expenses:Health:Medical:Insurance                 27.38 USD
  Expenses:Health:Vision:Insurance                  42.30 USD
  Expenses:Taxes:Y2023:US:Medicare                 106.62 USD
  Expenses:Taxes:Y2023:US:Federal                 1062.92 USD
  Expenses:Taxes:Y2023:US:State                    365.08 USD
  Expenses:Taxes:Y2023:US:CityNYC                  174.92 USD
  Expenses:Taxes:Y2023:US:SDI                        1.12 USD
  Expenses:Taxes:Y2023:US:SocSec                   281.54 USD
  Assets:US:Federal:PreTax401k                   -1200.00 IRAUSD
  Expenses:Taxes:Y2023:US:Federal:PreTax401k      1200.00 IRAUSD
  Assets:US:Babble:Vacation                             5 VACHR
  Income:US:Babble:Vacation                            -5 VACHR

2023-08-03 * "Babble" "Payroll"
  Assets:US:BofA:Checking                         2050.60 USD
  Assets:US:Vanguard:Cash                          500.00 USD
  Income:US:Babble:Salary                        -4615.38 USD
  Income:US:Babble:GroupTermLife                   -24.32 USD
  Expenses:Health:Life:GroupTermLife                24.32 USD
  Expenses:Health:Dental:Insurance                   2.90 USD
  Expenses:Health:Medical:Insurance                 27.38 USD
  Expenses:Health:Vision:Insurance                  42.30 USD
  Expenses:Taxes:Y2023:US:Medicare                 106.62 USD
  Expenses:Taxes:Y2023:US:Federal                 1062.92 USD
  Expenses:Taxes:Y2023:US:State                    365.08 USD
  Expenses:Taxes:Y2023:US:CityNYC                  174.92 USD
  Expenses:Taxes:Y2023:US:SDI                        1.12 USD
  Expenses:Taxes:Y2023:US:SocSec                   281.54 USD
  Assets:US:Federal:PreTax401k                    -500.00 IRAUSD
  Expenses:Taxes:Y2023:US:Federal:PreTax401k       500.00 IRAUSD
  Assets:US:Babble:Vacation                             5 VACHR
  Income:US:Babble:Vacation                            -5 VACHR

2023-08-17 * "Babble" "Payroll"
  Assets:US:BofA:Checking                         2550.60 USD
  Income:US:Babble:Salary                        -4615.38 USD
  Income:US:Babble:GroupTermLife                   -24.32 USD
  Expenses:Health:Life:GroupTermLife                24.32 USD
  Expenses:Health:Dental:Insurance                   2.90 USD
  Expenses:Health:Medical:Insurance                 27.38 USD
  Expenses:Health:Vision:Insurance                  42.30 USD
  Expenses:Taxes:Y2023:US:Medicare                 106.62 USD
  Expenses:Taxes:Y2023:US:Federal                 1062.92 USD
  Expenses:Taxes:Y2023:US:State                    365.08 USD
  Expenses:Taxes:Y2023:US:CityNYC                  174.92 USD
  Expenses:Taxes:Y2023:US:SDI                        1.12 USD
  Expenses:Taxes:Y2023:US:SocSec                   281.54 USD
  Assets:US:Babble:Vacation                             5 VACHR
  Income:US:Babble:Vacation                            -5 VACHR

2023-08-31 * "Babble" "Payroll"
  Assets:US:BofA:Checking                         2550.60 USD
  Income:US:Babble:Salary                        -4615.38 USD
  Income:US:Babble:GroupTermLife                   -24.32 USD
  Expenses:Health:Life:GroupTermLife                24.32 USD
  Expenses:Health:Dental:Insurance                   2.90 USD
  Expenses:Health:Medical:Insurance                 27.38 USD
  Expenses:Health:Vision:Insurance                  42.30 USD
  Expenses:Taxes:Y2023:US:Medicare                 106.62 USD
  Expenses:Taxes:Y2023:US:Federal                 1062.92 USD
  Expenses:Taxes:Y2023:US:State                    365.08 USD
  Expenses:Taxes:Y2023:US:CityNYC                  174.92 USD
  Expenses:Taxes:Y2023:US:SDI                        1.12 USD
  Expenses:Taxes:Y2023:US:SocSec                   281.54 USD
  Assets:US:Babble:Vacation                             5 VACHR
  Income:US:Babble:Vacation                            -5 VACHR

2023-09-14 * "Babble" "Payroll"
  Assets:US:BofA:Checking                         2550.60 USD
  Income:US:Babble:Salary                        -4615.38 USD
  Income:US:Babble:GroupTermLife                   -24.32 USD
  Expenses:Health:Life:GroupTermLife                24.32 USD
  Expenses:Health:Dental:Insurance                   2.90 USD
  Expenses:Health:Medical:Insurance                 27.38 USD
  Expenses:Health:Vision:Insurance                  42.30 USD
  Expenses:Taxes:Y2023:US:Medicare                 106.62 USD
  Expenses:Taxes:Y2023:US:Federal                 1062.92 USD
  Expenses:Taxes:Y2023:US:State                    365.08 USD
  Expenses:Taxes:Y2023:US:CityNYC                  174.92 USD
  Expenses:Taxes:Y2023:US:SDI                        1.12 USD
  Expenses:Taxes:Y2023:US:SocSec                   281.54 USD
  Assets:US:Babble:Vacation                             5 VACHR
  Income:US:Babble:Vacation                            -5 VACHR

2023-09-28 * "Babble" "Payroll"
  Assets:US:BofA:Checking                         2550.60 USD
  Income:US:Babble:Salary                        -4615.38 USD
  Income:US:Babble:GroupTermLife                   -24.32 USD
  Expenses:Health:Life:GroupTermLife                24.32 USD
  Expenses:Health:Dental:Insurance                   2.90 USD
  Expenses:Health:Medical:Insurance                 27.38 USD
  Expenses:Health:Vision:Insurance                  42.30 USD
  Expenses:Taxes:Y2023:US:Medicare                 106.62 USD
  Expenses:Taxes:Y2023:US:Federal                 1062.92 USD
  Expenses:Taxes:Y2023:US:State                    365.08 USD
  Expenses:Taxes:Y2023:US:CityNYC                  174.92 USD
  Expenses:Taxes:Y2023:US:SDI                        1.12 USD
  Expenses:Taxes:Y2023:US:SocSec                   281.54 USD
  Assets:US:Babble:Vacation                             5 VACHR
  Income:US:Babble:Vacation                            -5 VACHR

2023-10-12 * "Babble" "Payroll"
  Assets:US:BofA:Checking                         2550.60 USD
  Income:US:Babble:Salary                        -4615.38 USD
  Income:US:Babble:GroupTermLife                   -24.32 USD
  Expenses:Health:Life:GroupTermLife                24.32 USD
  Expenses:Health:Dental:Insurance                   2.90 USD
  Expenses:Health:Medical:Insurance                 27.38 USD
  Expenses:Health:Vision:Insurance                  42.30 USD
  Expenses:Taxes:Y2023:US:Medicare                 106.62 USD
  Expenses:Taxes:Y2023:US:Federal                 1062.92 USD
  Expenses:Taxes:Y2023:US:State                    365.08 USD
  Expenses:Taxes:Y2023:US:CityNYC                  174.92 USD
  Expenses:Taxes:Y2023:US:SDI                        1.12 USD
  Expenses:Taxes:Y2023:US:SocSec                   281.54 USD
  Assets:US:Babble:Vacation                             5 VACHR
  Income:US:Babble:Vacation                            -5 VACHR

2023-10-26 * "Babble" "Payroll"
  Assets:US:BofA:Checking                         2550.60 USD
  Income:US:Babble:Salary                        -4615.38 USD
  Income:US:Babble:GroupTermLife                   -24.32 USD
  Expenses:Health:Life:GroupTermLife                24.32 USD
  Expenses:Health:Dental:Insurance                   2.90 USD
  Expenses:Health:Medical:Insurance                 27.38 USD
  Expenses:Health:Vision:Insurance                  42.30 USD
  Expenses:Taxes:Y2023:US:Medicare                 106.62 USD
  Expenses:Taxes:Y2023:US:Federal                 1062.92 USD
  Expenses:Taxes:Y2023:US:State                    365.08 USD
  Expenses:Taxes:Y2023:US:CityNYC                  174.92 USD
  Expenses:Taxes:Y2023:US:SDI                        1.12 USD
  Expenses:Taxes:Y2023:US:SocSec                   281.54 USD
  Assets:US:Babble:Vacation                             5 VACHR
  Income:US:Babble:Vacation                            -5 VACHR

2023-11-09 * "Babble" "Payroll"
  Assets:US:BofA:Checking                         2550.60 USD
  Income:US:Babble:Salary                        -4615.38 USD
  Income:US:Babble:GroupTermLife                   -24.32 USD
  Expenses:Health:Life:GroupTermLife                24.32 USD
  Expenses:Health:Dental:Insurance                   2.90 USD
  Expenses:Health:Medical:Insurance                 27.38 USD
  Expenses:Health:Vision:Insurance                  42.30 USD
  Expenses:Taxes:Y2023:US:Medicare                 106.62 USD
  Expenses:Taxes:Y2023:US:Federal                 1062.92 USD
  Expenses:Taxes:Y2023:US:State                    365.08 USD
  Expenses:Taxes:Y2023:US:CityNYC                  174.92 USD
  Expenses:Taxes:Y2023:US:SDI                        1.12 USD
  Expenses:Taxes:Y2023:US:SocSec                   281.54 USD
  Assets:US:Babble:Vacation                             5 VACHR
  Income:US:Babble:Vacation                            -5 VACHR

2023-11-23 * "Babble" "Payroll"
  Assets:US:BofA:Checking                         2550.60 USD
  Income:US:Babble:Salary                        -4615.38 USD
  Income:US:Babble:GroupTermLife                   -24.32 USD
  Expenses:Health:Life:GroupTermLife                24.32 USD
  Expenses:Health:Dental:Insurance                   2.90 USD
  Expenses:Health:Medical:Insurance                 27.38 USD
  Expenses:Health:Vision:Insurance                  42.30 USD
  Expenses:Taxes:Y2023:US:Medicare                 106.62 USD
  Expenses:Taxes:Y2023:US:Federal                 1062.92 USD
  Expenses:Taxes:Y2023:US:State                    365.08 USD
  Expenses:Taxes:Y2023:US:CityNYC                  174.92 USD
  Expenses:Taxes:Y2023:US:SDI                        1.12 USD
  Expenses:Taxes:Y2023:US:SocSec                   281.54 USD
  Assets:US:Babble:Vacation                             5 VACHR
  Income:US:Babble:Vacation                            -5 VACHR

2023-12-07 * "Babble" "Payroll"
  Assets:US:BofA:Checking                         2589.06 USD
  Income:US:Babble:Salary                        -4615.38 USD
  Income:US:Babble:GroupTermLife                   -24.32 USD
  Expenses:Health:Life:GroupTermLife                24.32 USD
  Expenses:Health:Dental:Insurance                   2.90 USD
  Expenses:Health:Medical:Insurance                 27.38 USD
  Expenses:Health:Vision:Insurance                  42.30 USD
  Expenses:Taxes:Y2023:US:Medicare                 106.62 USD
  Expenses:Taxes:Y2023:US:Federal                 1062.92 USD
  Expenses:Taxes:Y2023:US:State                    365.08 USD
  Expenses:Taxes:Y2023:US:CityNYC                  174.92 USD
  Expenses:Taxes:Y2023:US:SDI                        1.12 USD
  Expenses:Taxes:Y2023:US:SocSec                   243.08 USD
  Assets:US:Babble:Vacation                             5 VACHR
  Income:US:Babble:Vacation                            -5 VACHR

2023-12-21 * "Babble" "Payroll"
  Assets:US:BofA:Checking                         2832.14 USD
  Income:US:Babble:Salary                        -4615.38 USD
  Income:US:Babble:GroupTermLife                   -24.32 USD
  Expenses:Health:Life:GroupTermLife                24.32 USD
  Expenses:Health:Dental:Insurance                   2.90 USD
  Expenses:Health:Medical:Insurance                 27.38 USD
  Expenses:Health:Vision:Insurance                  42.30 USD
  Expenses:Taxes:Y2023:US:Medicare                 106.62 USD
  Expenses:Taxes:Y2023:US:Federal                 1062.92 USD
  Expenses:Taxes:Y2023:US:State                    365.08 USD
  Expenses:Taxes:Y2023:US:CityNYC                  174.92 USD
  Expenses:Taxes:Y2023:US:SDI                        1.12 USD
  Expenses:Taxes:Y2023:US:SocSec                     0.00 USD
  Assets:US:Babble:Vacation                             5 VACHR
  Income:US:Babble:Vacation                            -5 VACHR

2024-01-04 * "Babble" "Payroll"
  Assets:US:BofA:Checking                         1350.60 USD
  Assets:US:Vanguard:Cash                         1200.00 USD
  Income:US:Babble:Salary                        -4615.38 USD
  Income:US:Babble:GroupTermLife                   -24.32 USD
  Expenses:Health:Life:GroupTermLife                24.32 USD
  Expenses:Health:Dental:Insurance                   2.90 USD
  Expenses:Health:Medical:Insurance                 27.38 USD
  Expenses:Health:Vision:Insurance                  42.30 USD
  Expenses:Taxes:Y2024:US:Medicare                 106.62 USD
  Expenses:Taxes:Y2024:US:Federal                 1062.92 USD
  Expenses:Taxes:Y2024:US:State                    365.08 USD
  Expenses:Taxes:Y2024:US:CityNYC                  174.92 USD
  Expenses:Taxes:Y2024:US:SDI                        1.12 USD
  Expenses:Taxes:Y2024:US:SocSec                   281.54 USD
  Assets:US:Federal:PreTax401k                   -1200.00 IRAUSD
  Expenses:Taxes:Y2024:US:Federal:PreTax401k      1200.00 IRAUSD
  Assets:US:Babble:Vacation                             5 VACHR
  Income:US:Babble:Vacation                            -5 VACHR

2024-01-18 * "Babble" "Payroll"
  Assets:US:BofA:Checking                         1350.60 USD
  Assets:US:Vanguard:Cash                         1200.00 USD
  Income:US:Babble:Salary                        -4615.38 USD
  Income:US:Babble:GroupTermLife                   -24.32 USD
  Expenses:Health:Life:GroupTermLife                24.32 USD
  Expenses:Health:Dental:Insurance                   2.90 USD
  Expenses:Health:Medical:Insurance                 27.38 USD
  Expenses:Health:Vision:Insurance                  42.30 USD
  Expenses:Taxes:Y2024:US:Medicare                 106.62 USD
  Expenses:Taxes:Y2024:US:Federal                 1062.92 USD
  Expenses:Taxes:Y2024:US:State                    365.08 USD
  Expenses:Taxes:Y2024:US:CityNYC                  174.92 USD
  Expenses:Taxes:Y2024:US:SDI                        1.12 USD
  Expenses:Taxes:Y2024:US:SocSec                   281.54 USD
  Assets:US:Federal:PreTax401k                   -1200.00 IRAUSD
  Expenses:Taxes:Y2024:US:Federal:PreTax401k      1200.00 IRAUSD
  Assets:US:Babble:Vacation                             5 VACHR
  Income:US:Babble:Vacation                            -5 VACHR

2024-02-01 * "Babble" "Payroll"
  Assets:US:BofA:Checking                         1350.60 USD
  Assets:US:Vanguard:Cash                         1200.00 USD
  Income:US:Babble:Salary                        -4615.38 USD
  Income:US:Babble:GroupTermLife                   -24.32 USD
  Expenses:Health:Life:GroupTermLife                24.32 USD
  Expenses:Health:Dental:Insurance                   2.90 USD
  Expenses:Health:Medical:Insurance                 27.38 USD
  Expenses:Health:Vision:Insurance                  42.30 USD
  Expenses:Taxes:Y2024:US:Medicare                 106.62 USD
  Expenses:Taxes:Y2024:US:Federal                 1062.92 USD
  Expenses:Taxes:Y2024:US:State                    365.08 USD
  Expenses:Taxes:Y2024:US:CityNYC                  174.92 USD
  Expenses:Taxes:Y2024:US:SDI                        1.12 USD
  Expenses:Taxes:Y2024:US:SocSec                   281.54 USD
  Assets:US:Federal:PreTax401k                   -1200.00 IRAUSD
  Expenses:Taxes:Y2024:US:Federal:PreTax401k      1200.00 IRAUSD
  Assets:US:Babble:Vacation                             5 VACHR
  Income:US:Babble:Vacation                            -5 VACHR

2024-02-15 * "Babble" "Payroll"
  Assets:US:BofA:Checking                         1350.60 USD
  Assets:US:Vanguard:Cash                         1200.00 USD
  Income:US:Babble:Salary                        -4615.38 USD
  Income:US:Babble:GroupTermLife                   -24.32 USD
  Expenses:Health:Life:GroupTermLife                24.32 USD
  Expenses:Health:Dental:Insurance                   2.90 USD
  Expenses:Health:Medical:Insurance                 27.38 USD
  Expenses:Health:Vision:Insurance                  42.30 USD
  Expenses:Taxes:Y2024:US:Medicare                 106.62 USD
  Expenses:Taxes:Y2024:US:Federal                 1062.92 USD
  Expenses:Taxes:Y2024:US:State                    365.08 USD
  Expenses:Taxes:Y2024:US:CityNYC                  174.92 USD
  Expenses:Taxes:Y2024:US:SDI                        1.12 USD
  Expenses:Taxes:Y2024:US:SocSec                   281.54 USD
  Assets:US:Federal:PreTax401k                   -1200.00 IRAUSD
  Expenses:Taxes:Y2024:US:Federal:PreTax401k      1200.00 IRAUSD
  Assets:US:Babble:Vacation                             5 VACHR
  Income:US:Babble:Vacation                            -5 VACHR

2024-02-29 * "Babble" "Payroll"
  Assets:US:BofA:Checking                         1350.60 USD
  Assets:US:Vanguard:Cash                         1200.00 USD
  Income:US:Babble:Salary                        -4615.38 USD
  Income:US:Babble:GroupTermLife                   -24.32 USD
  Expenses:Health:Life:GroupTermLife                24.32 USD
  Expenses:Health:Dental:Insurance                   2.90 USD
  Expenses:Health:Medical:Insurance                 27.38 USD
  Expenses:Health:Vision:Insurance                  42.30 USD
  Expenses:Taxes:Y2024:US:Medicare                 106.62 USD
  Expenses:Taxes:Y2024:US:Federal                 1062.92 USD
  Expenses:Taxes:Y2024:US:State                    365.08 USD
  Expenses:Taxes:Y2024:US:CityNYC                  174.92 USD
  Expenses:Taxes:Y2024:US:SDI                        1.12 USD
  Expenses:Taxes:Y2024:US:SocSec                   281.54 USD
  Assets:US:Federal:PreTax401k                   -1200.00 IRAUSD
  Expenses:Taxes:Y2024:US:Federal:PreTax401k      1200.00 IRAUSD
  Assets:US:Babble:Vacation                             5 VACHR
  Income:US:Babble:Vacation                            -5 VACHR

2024-03-14 * "Babble" "Payroll"
  Assets:US:BofA:Checking                         1350.60 USD
  Assets:US:Vanguard:Cash                         1200.00 USD
  Income:US:Babble:Salary                        -4615.38 USD
  Income:US:Babble:GroupTermLife                   -24.32 USD
  Expenses:Health:Life:GroupTermLife                24.32 USD
  Expenses:Health:Dental:Insurance                   2.90 USD
  Expenses:Health:Medical:Insurance                 27.38 USD
  Expenses:Health:Vision:Insurance                  42.30 USD
  Expenses:Taxes:Y2024:US:Medicare                 106.62 USD
  Expenses:Taxes:Y2024:US:Federal                 1062.92 USD
  Expenses:Taxes:Y2024:US:State                    365.08 USD
  Expenses:Taxes:Y2024:US:CityNYC                  174.92 USD
  Expenses:Taxes:Y2024:US:SDI                        1.12 USD
  Expenses:Taxes:Y2024:US:SocSec                   281.54 USD
  Assets:US:Federal:PreTax401k                   -1200.00 IRAUSD
  Expenses:Taxes:Y2024:US:Federal:PreTax401k      1200.00 IRAUSD
  Assets:US:Babble:Vacation                             5 VACHR
  Income:US:Babble:Vacation                            -5 VACHR

2024-03-28 * "Babble" "Payroll"
  Assets:US:BofA:Checking                         1350.60 USD
  Assets:US:Vanguard:Cash                         1200.00 USD
  Income:US:Babble:Salary                        -4615.38 USD
  Income:US:Babble:GroupTermLife                   -24.32 USD
  Expenses:Health:Life:GroupTermLife                24.32 USD
  Expenses:Health:Dental:Insurance                   2.90 USD
  Expenses:Health:Medical:Insurance                 27.38 USD
  Expenses:Health:Vision:Insurance                  42.30 USD
  Expenses:Taxes:Y2024:US:Medicare                 106.62 USD
  Expenses:Taxes:Y2024:US:Federal                 1062.92 USD
  Expenses:Taxes:Y2024:US:State                    365.08 USD
  Expenses:Taxes:Y2024:US:CityNYC                  174.92 USD
  Expenses:Taxes:Y2024:US:SDI                        1.12 USD
  Expenses:Taxes:Y2024:US:SocSec                   281.54 USD
  Assets:US:Federal:PreTax401k                   -1200.00 IRAUSD
  Expenses:Taxes:Y2024:US:Federal:PreTax401k      1200.00 IRAUSD
  Assets:US:Babble:Vacation                             5 VACHR
  Income:US:Babble:Vacation                            -5 VACHR

2024-04-11 * "Babble" "Payroll"
  Assets:US:BofA:Checking                         1350.60 USD
  Assets:US:Vanguard:Cash                         1200.00 USD
  Income:US:Babble:Salary                        -4615.38 USD
  Income:US:Babble:GroupTermLife                   -24.32 USD
  Expenses:Health:Life:GroupTermLife                24.32 USD
  Expenses:Health:Dental:Insurance                   2.90 USD
  Expenses:Health:Medical:Insurance                 27.38 USD
  Expenses:Health:Vision:Insurance                  42.30 USD
  Expenses:Taxes:Y2024:US:Medicare                 106.62 USD
  Expenses:Taxes:Y2024:US:Federal                 1062.92 USD
  Expenses:Taxes:Y2024:US:State                    365.08 USD
  Expenses:Taxes:Y2024:US:CityNYC                  174.92 USD
  Expenses:Taxes:Y2024:US:SDI                        1.12 USD
  Expenses:Taxes:Y2024:US:SocSec                   281.54 USD
  Assets:US:Federal:PreTax401k                   -1200.00 IRAUSD
  Expenses:Taxes:Y2024:US:Federal:PreTax401k      1200.00 IRAUSD
  Assets:US:Babble:Vacation                             5 VACHR
  Income:US:Babble:Vacation                            -5 VACHR

2024-04-25 * "Babble" "Payroll"
  Assets:US:BofA:Checking                         1350.60 USD
  Assets:US:Vanguard:Cash                         1200.00 USD
  Income:US:Babble:Salary                        -4615.38 USD
  Income:US:Babble:GroupTermLife                   -24.32 USD
  Expenses:Health:Life:GroupTermLife                24.32 USD
  Expenses:Health:Dental:Insurance                   2.90 USD
  Expenses:Health:Medical:Insurance                 27.38 USD
  Expenses:Health:Vision:Insurance                  42.30 USD
  Expenses:Taxes:Y2024:US:Medicare                 106.62 USD
  Expenses:Taxes:Y2024:US:Federal                 1062.92 USD
  Expenses:Taxes:Y2024:US:State                    365.08 USD
  Expenses:Taxes:Y2024:US:CityNYC                  174.92 USD
  Expenses:Taxes:Y2024:US:SDI                        1.12 USD
  Expenses:Taxes:Y2024:US:SocSec                   281.54 USD
  Assets:US:Federal:PreTax401k                   -1200.00 IRAUSD
  Expenses:Taxes:Y2024:US:Federal:PreTax401k      1200.00 IRAUSD
  Assets:US:Babble:Vacation                             5 VACHR
  Income:US:Babble:Vacation                            -5 VACHR

2024-05-09 * "Babble" "Payroll"
  Assets:US:BofA:Checking                         1350.60 USD
  Assets:US:Vanguard:Cash                         1200.00 USD
  Income:US:Babble:Salary                        -4615.38 USD
  Income:US:Babble:GroupTermLife                   -24.32 USD
  Expenses:Health:Life:GroupTermLife                24.32 USD
  Expenses:Health:Dental:Insurance                   2.90 USD
  Expenses:Health:Medical:Insurance                 27.38 USD
  Expenses:Health:Vision:Insurance                  42.30 USD
  Expenses:Taxes:Y2024:US:Medicare                 106.62 USD
  Expenses:Taxes:Y2024:US:Federal                 1062.92 USD
  Expenses:Taxes:Y2024:US:State                    365.08 USD
  Expenses:Taxes:Y2024:US:CityNYC                  174.92 USD
  Expenses:Taxes:Y2024:US:SDI                        1.12 USD
  Expenses:Taxes:Y2024:US:SocSec                   281.54 USD
  Assets:US:Federal:PreTax401k                   -1200.00 IRAUSD
  Expenses:Taxes:Y2024:US:Federal:PreTax401k      1200.00 IRAUSD
  Assets:US:Babble:Vacation                             5 VACHR
  Income:US:Babble:Vacation                            -5 VACHR

2024-05-23 * "Babble" "Payroll"
  Assets:US:BofA:Checking                         1350.60 USD
  Assets:US:Vanguard:Cash                         1200.00 USD
  Income:US:Babble:Salary                        -4615.38 USD
  Income:US:Babble:GroupTermLife                   -24.32 USD
  Expenses:Health:Life:GroupTermLife                24.32 USD
  Expenses:Health:Dental:Insurance                   2.90 USD
  Expenses:Health:Medical:Insurance                 27.38 USD
  Expenses:Health:Vision:Insurance                  42.30 USD
  Expenses:Taxes:Y2024:US:Medicare                 106.62 USD
  Expenses:Taxes:Y2024:US:Federal                 1062.92 USD
  Expenses:Taxes:Y2024:US:State                    365.08 USD
  Expenses:Taxes:Y2024:US:CityNYC                  174.92 USD
  Expenses:Taxes:Y2024:US:SDI                        1.12 USD
  Expenses:Taxes:Y2024:US:SocSec                   281.54 USD
  Assets:US:Federal:PreTax401k                   -1200.00 IRAUSD
  Expenses:Taxes:Y2024:US:Federal:PreTax401k      1200.00 IRAUSD
  Assets:US:Babble:Vacation                             5 VACHR
  Income:US:Babble:Vacation                            -5 VACHR

2024-06-06 * "Babble" "Payroll"
  Assets:US:BofA:Checking                         1350.60 USD
  Assets:US:Vanguard:Cash                         1200.00 USD
  Income:US:Babble:Salary                        -4615.38 USD
  Income:US:Babble:GroupTermLife                   -24.32 USD
  Expenses:Health:Life:GroupTermLife                24.32 USD
  Expenses:Health:Dental:Insurance                   2.90 USD
  Expenses:Health:Medical:Insurance                 27.38 USD
  Expenses:Health:Vision:Insurance                  42.30 USD
  Expenses:Taxes:Y2024:US:Medicare                 106.62 USD
  Expenses:Taxes:Y2024:US:Federal                 1062.92 USD
  Expenses:Taxes:Y2024:US:State                    365.08 USD
  Expenses:Taxes:Y2024:US:CityNYC                  174.92 USD
  Expenses:Taxes:Y2024:US:SDI                        1.12 USD
  Expenses:Taxes:Y2024:US:SocSec                   281.54 USD
  Assets:US:Federal:PreTax401k                   -1200.00 IRAUSD
  Expenses:Taxes:Y2024:US:Federal:PreTax401k      1200.00 IRAUSD
  Assets:US:Babble:Vacation                             5 VACHR
  Income:US:Babble:Vacation                            -5 VACHR

2024-06-20 * "Babble" "Payroll"
  Assets:US:BofA:Checking                         1350.60 USD
  Assets:US:Vanguard:Cash                         1200.00 USD
  Income:US:Babble:Salary                        -4615.38 USD
  Income:US:Babble:GroupTermLife                   -24.32 USD
  Expenses:Health:Life:GroupTermLife                24.32 USD
  Expenses:Health:Dental:Insurance                   2.90 USD
  Expenses:Health:Medical:Insurance                 27.38 USD
  Expenses:Health:Vision:Insurance                  42.30 USD
  Expenses:Taxes:Y2024:US:Medicare                 106.62 USD
  Expenses:Taxes:Y2024:US:Federal                 1062.92 USD
  Expenses:Taxes:Y2024:US:State                    365.08 USD
  Expenses:Taxes:Y2024:US:CityNYC                  174.92 USD
  Expenses:Taxes:Y2024:US:SDI                        1.12 USD
  Expenses:Taxes:Y2024:US:SocSec                   281.54 USD
  Assets:US:Federal:PreTax401k                   -1200.00 IRAUSD
  Expenses:Taxes:Y2024:US:Federal:PreTax401k      1200.00 IRAUSD
  Assets:US:Babble:Vacation                             5 VACHR
  Income:US:Babble:Vacation                            -5 VACHR

2024-07-04 * "Babble" "Payroll"
  Assets:US:BofA:Checking                         1350.60 USD
  Assets:US:Vanguard:Cash                         1200.00 USD
  Income:US:Babble:Salary                        -4615.38 USD
  Income:US:Babble:GroupTermLife                   -24.32 USD
  Expenses:Health:Life:GroupTermLife                24.32 USD
  Expenses:Health:Dental:Insurance                   2.90 USD
  Expenses:Health:Medical:Insurance                 27.38 USD
  Expenses:Health:Vision:Insurance                  42.30 USD
  Expenses:Taxes:Y2024:US:Medicare                 106.62 USD
  Expenses:Taxes:Y2024:US:Federal                 1062.92 USD
  Expenses:Taxes:Y2024:US:State                    365.08 USD
  Expenses:Taxes:Y2024:US:CityNYC                  174.92 USD
  Expenses:Taxes:Y2024:US:SDI                        1.12 USD
  Expenses:Taxes:Y2024:US:SocSec                   281.54 USD
  Assets:US:Federal:PreTax401k                   -1200.00 IRAUSD
  Expenses:Taxes:Y2024:US:Federal:PreTax401k      1200.00 IRAUSD
  Assets:US:Babble:Vacation                             5 VACHR
  Income:US:Babble:Vacation                            -5 VACHR

2024-07-18 * "Babble" "Payroll"
  Assets:US:BofA:Checking                         1350.60 USD
  Assets:US:Vanguard:Cash                         1200.00 USD
  Income:US:Babble:Salary                        -4615.38 USD
  Income:US:Babble:GroupTermLife                   -24.32 USD
  Expenses:Health:Life:GroupTermLife                24.32 USD
  Expenses:Health:Dental:Insurance                   2.90 USD
  Expenses:Health:Medical:Insurance                 27.38 USD
  Expenses:Health:Vision:Insurance                  42.30 USD
  Expenses:Taxes:Y2024:US:Medicare                 106.62 USD
  Expenses:Taxes:Y2024:US:Federal                 1062.92 USD
  Expenses:Taxes:Y2024:US:State                    365.08 USD
  Expenses:Taxes:Y2024:US:CityNYC                  174.92 USD
  Expenses:Taxes:Y2024:US:SDI                        1.12 USD
  Expenses:Taxes:Y2024:US:SocSec                   281.54 USD
  Assets:US:Federal:PreTax401k                   -1200.00 IRAUSD
  Expenses:Taxes:Y2024:US:Federal:PreTax401k      1200.00 IRAUSD
  Assets:US:Babble:Vacation                             5 VACHR
  Income:US:Babble:Vacation                            -5 VACHR

2024-08-01 * "Babble" "Payroll"
  Assets:US:BofA:Checking                         2050.60 USD
  Assets:US:Vanguard:Cash                          500.00 USD
  Income:US:Babble:Salary                        -4615.38 USD
  Income:US:Babble:GroupTermLife                   -24.32 USD
  Expenses:Health:Life:GroupTermLife                24.32 USD
  Expenses:Health:Dental:Insurance                   2.90 USD
  Expenses:Health:Medical:Insurance                 27.38 USD
  Expenses:Health:Vision:Insurance                  42.30 USD
  Expenses:Taxes:Y2024:US:Medicare                 106.62 USD
  Expenses:Taxes:Y2024:US:Federal                 1062.92 USD
  Expenses:Taxes:Y2024:US:State                    365.08 USD
  Expenses:Taxes:Y2024:US:CityNYC                  174.92 USD
  Expenses:Taxes:Y2024:US:SDI                        1.12 USD
  Expenses:Taxes:Y2024:US:SocSec                   281.54 USD
  Assets:US:Federal:PreTax401k                    -500.00 IRAUSD
  Expenses:Taxes:Y2024:US:Federal:PreTax401k       500.00 IRAUSD
  Assets:US:Babble:Vacation                             5 VACHR
  Income:US:Babble:Vacation                            -5 VACHR

2024-08-15 * "Babble" "Payroll"
  Assets:US:BofA:Checking                         2550.60 USD
  Income:US:Babble:Salary                        -4615.38 USD
  Income:US:Babble:GroupTermLife                   -24.32 USD
  Expenses:Health:Life:GroupTermLife                24.32 USD
  Expenses:Health:Dental:Insurance                   2.90 USD
  Expenses:Health:Medical:Insurance                 27.38 USD
  Expenses:Health:Vision:Insurance                  42.30 USD
  Expenses:Taxes:Y2024:US:Medicare                 106.62 USD
  Expenses:Taxes:Y2024:US:Federal                 1062.92 USD
  Expenses:Taxes:Y2024:US:State                    365.08 USD
  Expenses:Taxes:Y2024:US:CityNYC                  174.92 USD
  Expenses:Taxes:Y2024:US:SDI                        1.12 USD
  Expenses:Taxes:Y2024:US:SocSec                   281.54 USD
  Assets:US:Babble:Vacation                             5 VACHR
  Income:US:Babble:Vacation                            -5 VACHR

2024-08-29 * "Babble" "Payroll"
  Assets:US:BofA:Checking                         2550.60 USD
  Income:US:Babble:Salary                        -4615.38 USD
  Income:US:Babble:GroupTermLife                   -24.32 USD
  Expenses:Health:Life:GroupTermLife                24.32 USD
  Expenses:Health:Dental:Insurance                   2.90 USD
  Expenses:Health:Medical:Insurance                 27.38 USD
  Expenses:Health:Vision:Insurance                  42.30 USD
  Expenses:Taxes:Y2024:US:Medicare                 106.62 USD
  Expenses:Taxes:Y2024:US:Federal                 1062.92 USD
  Expenses:Taxes:Y2024:US:State                    365.08 USD
  Expenses:Taxes:Y2024:US:CityNYC                  174.92 USD
  Expenses:Taxes:Y2024:US:SDI                        1.12 USD
  Expenses:Taxes:Y2024:US:SocSec                   281.54 USD
  Assets:US:Babble:Vacation                             5 VACHR
  Income:US:Babble:Vacation                            -5 VACHR

2024-09-12 * "Babble" "Payroll"
  Assets:US:BofA:Checking                         2550.60 USD
  Income:US:Babble:Salary                        -4615.38 USD
  Income:US:Babble:GroupTermLife                   -24.32 USD
  Expenses:Health:Life:GroupTermLife                24.32 USD
  Expenses:Health:Dental:Insurance                   2.90 USD
  Expenses:Health:Medical:Insurance                 27.38 USD
  Expenses:Health:Vision:Insurance                  42.30 USD
  Expenses:Taxes:Y2024:US:Medicare                 106.62 USD
  Expenses:Taxes:Y2024:US:Federal                 1062.92 USD
  Expenses:Taxes:Y2024:US:State                    365.08 USD
  Expenses:Taxes:Y2024:US:CityNYC                  174.92 USD
  Expenses:Taxes:Y2024:US:SDI                        1.12 USD
  Expenses:Taxes:Y2024:US:SocSec                   281.54 USD
  Assets:US:Babble:Vacation                             5 VACHR
  Income:US:Babble:Vacation                            -5 VACHR

2024-09-26 * "Babble" "Payroll"
  Assets:US:BofA:Checking                         2550.60 USD
  Income:US:Babble:Salary                        -4615.38 USD
  Income:US:Babble:GroupTermLife                   -24.32 USD
  Expenses:Health:Life:GroupTermLife                24.32 USD
  Expenses:Health:Dental:Insurance                   2.90 USD
  Expenses:Health:Medical:Insurance                 27.38 USD
  Expenses:Health:Vision:Insurance                  42.30 USD
  Expenses:Taxes:Y2024:US:Medicare                 106.62 USD
  Expenses:Taxes:Y2024:US:Federal                 1062.92 USD
  Expenses:Taxes:Y2024:US:State                    365.08 USD
  Expenses:Taxes:Y2024:US:CityNYC                  174.92 USD
  Expenses:Taxes:Y2024:US:SDI                        1.12 USD
  Expenses:Taxes:Y2024:US:SocSec                   281.54 USD
  Assets:US:Babble:Vacation                             5 VACHR
  Income:US:Babble:Vacation                            -5 VACHR

2024-10-10 * "Babble" "Payroll"
  Assets:US:BofA:Checking                         2550.60 USD
  Income:US:Babble:Salary                        -4615.38 USD
  Income:US:Babble:GroupTermLife                   -24.32 USD
  Expenses:Health:Life:GroupTermLife                24.32 USD
  Expenses:Health:Dental:Insurance                   2.90 USD
  Expenses:Health:Medical:Insurance                 27.38 USD
  Expenses:Health:Vision:Insurance                  42.30 USD
  Expenses:Taxes:Y2024:US:Medicare                 106.62 USD
  Expenses:Taxes:Y2024:US:Federal                 1062.92 USD
  Expenses:Taxes:Y2024:US:State                    365.08 USD
  Expenses:Taxes:Y2024:US:CityNYC                  174.92 USD
  Expenses:Taxes:Y2024:US:SDI                        1.12 USD
  Expenses:Taxes:Y2024:US:SocSec                   281.54 USD
  Assets:US:Babble:Vacation                             5 VACHR
  Income:US:Babble:Vacation                            -5 VACHR

2024-10-24 * "Babble" "Payroll"
  Assets:US:BofA:Checking                         2550.60 USD
  Income:US:Babble:Salary                        -4615.38 USD
  Income:US:Babble:GroupTermLife                   -24.32 USD
  Expenses:Health:Life:GroupTermLife                24.32 USD
  Expenses:Health:Dental:Insurance                   2.90 USD
  Expenses:Health:Medical:Insurance                 27.38 USD
  Expenses:Health:Vision:Insurance                  42.30 USD
  Expenses:Taxes:Y2024:US:Medicare                 106.62 USD
  Expenses:Taxes:Y2024:US:Federal                 1062.92 USD
  Expenses:Taxes:Y2024:US:State                    365.08 USD
  Expenses:Taxes:Y2024:US:CityNYC                  174.92 USD
  Expenses:Taxes:Y2024:US:SDI                        1.12 USD
  Expenses:Taxes:Y2024:US:SocSec                   281.54 USD
  Assets:US:Babble:Vacation                             5 VACHR
  Income:US:Babble:Vacation                            -5 VACHR

2024-11-07 * "Babble" "Payroll"
  Assets:US:BofA:Checking                         2550.60 USD
  Income:US:Babble:Salary                        -4615.38 USD
  Income:US:Babble:GroupTermLife                   -24.32 USD
  Expenses:Health:Life:GroupTermLife                24.32 USD
  Expenses:Health:Dental:Insurance                   2.90 USD
  Expenses:Health:Medical:Insurance                 27.38 USD
  Expenses:Health:Vision:Insurance                  42.30 USD
  Expenses:Taxes:Y2024:US:Medicare                 106.62 USD
  Expenses:Taxes:Y2024:US:Federal                 1062.92 USD
  Expenses:Taxes:Y2024:US:State                    365.08 USD
  Expenses:Taxes:Y2024:US:CityNYC                  174.92 USD
  Expenses:Taxes:Y2024:US:SDI                        1.12 USD
  Expenses:Taxes:Y2024:US:SocSec                   281.54 USD
  Assets:US:Babble:Vacation                             5 VACHR
  Income:US:Babble:Vacation                            -5 VACHR

2024-11-21 * "Babble" "Payroll"
  Assets:US:BofA:Checking                         2550.60 USD
  Income:US:Babble:Salary                        -4615.38 USD
  Income:US:Babble:GroupTermLife                   -24.32 USD
  Expenses:Health:Life:GroupTermLife                24.32 USD
  Expenses:Health:Dental:Insurance                   2.90 USD
  Expenses:Health:Medical:Insurance                 27.38 USD
  Expenses:Health:Vision:Insurance                  42.30 USD
  Expenses:Taxes:Y2024:US:Medicare                 106.62 USD
  Expenses:Taxes:Y2024:US:Federal                 1062.92 USD
  Expenses:Taxes:Y2024:US:State                    365.08 USD
  Expenses:Taxes:Y2024:US:CityNYC                  174.92 USD
  Expenses:Taxes:Y2024:US:SDI                        1.12 USD
  Expenses:Taxes:Y2024:US:SocSec                   281.54 USD
  Assets:US:Babble:Vacation                             5 VACHR
  Income:US:Babble:Vacation                            -5 VACHR

2024-12-05 * "Babble" "Payroll"
  Assets:US:BofA:Checking                         2589.06 USD
  Income:US:Babble:Salary                        -4615.38 USD
  Income:US:Babble:GroupTermLife                   -24.32 USD
  Expenses:Health:Life:GroupTermLife                24.32 USD
  Expenses:Health:Dental:Insurance                   2.90 USD
  Expenses:Health:Medical:Insurance                 27.38 USD
  Expenses:Health:Vision:Insurance                  42.30 USD
  Expenses:Taxes:Y2024:US:Medicare                 106.62 USD
  Expenses:Taxes:Y2024:US:Federal                 1062.92 USD
  Expenses:Taxes:Y2024:US:State                    365.08 USD
  Expenses:Taxes:Y2024:US:CityNYC                  174.92 USD
  Expenses:Taxes:Y2024:US:SDI                        1.12 USD
  Expenses:Taxes:Y2024:US:SocSec                   243.08 USD
  Assets:US:Babble:Vacation                             5 VACHR
  Income:US:Babble:Vacation                            -5 VACHR

2024-12-19 * "Babble" "Payroll"
  Assets:US:BofA:Checking                         2832.14 USD
  Income:US:Babble:Salary                        -4615.38 USD
  Income:US:Babble:GroupTermLife                   -24.32 USD
  Expenses:Health:Life:GroupTermLife                24.32 USD
  Expenses:Health:Dental:Insurance                   2.90 USD
  Expenses:Health:Medical:Insurance                 27.38 USD
  Expenses:Health:Vision:Insurance                  42.30 USD
  Expenses:Taxes:Y2024:US:Medicare                 106.62 USD
  Expenses:Taxes:Y2024:US:Federal                 1062.92 USD
  Expenses:Taxes:Y2024:US:State                    365.08 USD
  Expenses:Taxes:Y2024:US:CityNYC                  174.92 USD
  Expenses:Taxes:Y2024:US:SDI                        1.12 USD
  Expenses:Taxes:Y2024:US:SocSec                     0.00 USD
  Assets:US:Babble:Vacation                             5 VACHR
  Income:US:Babble:Vacation                            -5 VACHR

2025-01-02 * "Babble" "Payroll"
  Assets:US:BofA:Checking                         1350.60 USD
  Assets:US:Vanguard:Cash                         1200.00 USD
  Income:US:Babble:Salary                        -4615.38 USD
  Income:US:Babble:GroupTermLife                   -24.32 USD
  Expenses:Health:Life:GroupTermLife                24.32 USD
  Expenses:Health:Dental:Insurance                   2.90 USD
  Expenses:Health:Medical:Insurance                 27.38 USD
  Expenses:Health:Vision:Insurance                  42.30 USD
  Expenses:Taxes:Y2025:US:Medicare                 106.62 USD
  Expenses:Taxes:Y2025:US:Federal                 1062.92 USD
  Expenses:Taxes:Y2025:US:State                    365.08 USD
  Expenses:Taxes:Y2025:US:CityNYC                  174.92 USD
  Expenses:Taxes:Y2025:US:SDI                        1.12 USD
  Expenses:Taxes:Y2025:US:SocSec                   281.54 USD
  Assets:US:Federal:PreTax401k                   -1200.00 IRAUSD
  Expenses:Taxes:Y2025:US:Federal:PreTax401k      1200.00 IRAUSD
  Assets:US:Babble:Vacation                             5 VACHR
  Income:US:Babble:Vacation                            -5 VACHR

2025-01-16 * "Babble" "Payroll"
  Assets:US:BofA:Checking                         1350.60 USD
  Assets:US:Vanguard:Cash                         1200.00 USD
  Income:US:Babble:Salary                        -4615.38 USD
  Income:US:Babble:GroupTermLife                   -24.32 USD
  Expenses:Health:Life:GroupTermLife                24.32 USD
  Expenses:Health:Dental:Insurance                   2.90 USD
  Expenses:Health:Medical:Insurance                 27.38 USD
  Expenses:Health:Vision:Insurance                  42.30 USD
  Expenses:Taxes:Y2025:US:Medicare                 106.62 USD
  Expenses:Taxes:Y2025:US:Federal                 1062.92 USD
  Expenses:Taxes:Y2025:US:State                    365.08 USD
  Expenses:Taxes:Y2025:US:CityNYC                  174.92 USD
  Expenses:Taxes:Y2025:US:SDI                        1.12 USD
  Expenses:Taxes:Y2025:US:SocSec                   281.54 USD
  Assets:US:Federal:PreTax401k                   -1200.00 IRAUSD
  Expenses:Taxes:Y2025:US:Federal:PreTax401k      1200.00 IRAUSD
  Assets:US:Babble:Vacation                             5 VACHR
  Income:US:Babble:Vacation                            -5 VACHR

2025-01-30 * "Babble" "Payroll"
  Assets:US:BofA:Checking                         1350.60 USD
  Assets:US:Vanguard:Cash                         1200.00 USD
  Income:US:Babble:Salary                        -4615.38 USD
  Income:US:Babble:GroupTermLife                   -24.32 USD
  Expenses:Health:Life:GroupTermLife                24.32 USD
  Expenses:Health:Dental:Insurance                   2.90 USD
  Expenses:Health:Medical:Insurance                 27.38 USD
  Expenses:Health:Vision:Insurance                  42.30 USD
  Expenses:Taxes:Y2025:US:Medicare                 106.62 USD
  Expenses:Taxes:Y2025:US:Federal                 1062.92 USD
  Expenses:Taxes:Y2025:US:State                    365.08 USD
  Expenses:Taxes:Y2025:US:CityNYC                  174.92 USD
  Expenses:Taxes:Y2025:US:SDI                        1.12 USD
  Expenses:Taxes:Y2025:US:SocSec                   281.54 USD
  Assets:US:Federal:PreTax401k                   -1200.00 IRAUSD
  Expenses:Taxes:Y2025:US:Federal:PreTax401k      1200.00 IRAUSD
  Assets:US:Babble:Vacation                             5 VACHR
  Income:US:Babble:Vacation                            -5 VACHR

2025-02-13 * "Babble" "Payroll"
  Assets:US:BofA:Checking                         1350.60 USD
  Assets:US:Vanguard:Cash                         1200.00 USD
  Income:US:Babble:Salary                        -4615.38 USD
  Income:US:Babble:GroupTermLife                   -24.32 USD
  Expenses:Health:Life:GroupTermLife                24.32 USD
  Expenses:Health:Dental:Insurance                   2.90 USD
  Expenses:Health:Medical:Insurance                 27.38 USD
  Expenses:Health:Vision:Insurance                  42.30 USD
  Expenses:Taxes:Y2025:US:Medicare                 106.62 USD
  Expenses:Taxes:Y2025:US:Federal                 1062.92 USD
  Expenses:Taxes:Y2025:US:State                    365.08 USD
  Expenses:Taxes:Y2025:US:CityNYC                  174.92 USD
  Expenses:Taxes:Y2025:US:SDI                        1.12 USD
  Expenses:Taxes:Y2025:US:SocSec                   281.54 USD
  Assets:US:Federal:PreTax401k                   -1200.00 IRAUSD
  Expenses:Taxes:Y2025:US:Federal:PreTax401k      1200.00 IRAUSD
  Assets:US:Babble:Vacation                             5 VACHR
  Income:US:Babble:Vacation                            -5 VACHR

2025-02-27 * "Babble" "Payroll"
  Assets:US:BofA:Checking                         1350.60 USD
  Assets:US:Vanguard:Cash                         1200.00 USD
  Income:US:Babble:Salary                        -4615.38 USD
  Income:US:Babble:GroupTermLife                   -24.32 USD
  Expenses:Health:Life:GroupTermLife                24.32 USD
  Expenses:Health:Dental:Insurance                   2.90 USD
  Expenses:Health:Medical:Insurance                 27.38 USD
  Expenses:Health:Vision:Insurance                  42.30 USD
  Expenses:Taxes:Y2025:US:Medicare                 106.62 USD
  Expenses:Taxes:Y2025:US:Federal                 1062.92 USD
  Expenses:Taxes:Y2025:US:State                    365.08 USD
  Expenses:Taxes:Y2025:US:CityNYC                  174.92 USD
  Expenses:Taxes:Y2025:US:SDI                        1.12 USD
  Expenses:Taxes:Y2025:US:SocSec                   281.54 USD
  Assets:US:Federal:PreTax401k                   -1200.00 IRAUSD
  Expenses:Taxes:Y2025:US:Federal:PreTax401k      1200.00 IRAUSD
  Assets:US:Babble:Vacation                             5 VACHR
  Income:US:Babble:Vacation                            -5 VACHR

2025-03-13 * "Babble" "Payroll"
  Assets:US:BofA:Checking                         1350.60 USD
  Assets:US:Vanguard:Cash                         1200.00 USD
  Income:US:Babble:Salary                        -4615.38 USD
  Income:US:Babble:GroupTermLife                   -24.32 USD
  Expenses:Health:Life:GroupTermLife                24.32 USD
  Expenses:Health:Dental:Insurance                   2.90 USD
  Expenses:Health:Medical:Insurance                 27.38 USD
  Expenses:Health:Vision:Insurance                  42.30 USD
  Expenses:Taxes:Y2025:US:Medicare                 106.62 USD
  Expenses:Taxes:Y2025:US:Federal                 1062.92 USD
  Expenses:Taxes:Y2025:US:State                    365.08 USD
  Expenses:Taxes:Y2025:US:CityNYC                  174.92 USD
  Expenses:Taxes:Y2025:US:SDI                        1.12 USD
  Expenses:Taxes:Y2025:US:SocSec                   281.54 USD
  Assets:US:Federal:PreTax401k                   -1200.00 IRAUSD
  Expenses:Taxes:Y2025:US:Federal:PreTax401k      1200.00 IRAUSD
  Assets:US:Babble:Vacation                             5 VACHR
  Income:US:Babble:Vacation                            -5 VACHR

1980-05-12 open Income:US:Federal:PreTax401k                    IRAUSD
1980-05-12 open Assets:US:Federal:PreTax401k                    IRAUSD



** Tax Year 2023

2023-01-01 open Expenses:Taxes:Y2023:US:Federal:PreTax401k      IRAUSD
2023-01-01 open Expenses:Taxes:Y2023:US:Medicare                USD
2023-01-01 open Expenses:Taxes:Y2023:US:Federal                 USD
2023-01-01 open Expenses:Taxes:Y2023:US:CityNYC                 USD
2023-01-01 open Expenses:Taxes:Y2023:US:SDI                     USD
2023-01-01 open Expenses:Taxes:Y2023:US:State                   USD
2023-01-01 open Expenses:Taxes:Y2023:US:SocSec                  USD

2023-01-01 balance Assets:US:Federal:PreTax401k         0 IRAUSD

2023-01-01 * "Allowed contributions for one year"
  Income:US:Federal:PreTax401k                     -18500 IRAUSD
  Assets:US:Federal:PreTax401k                      18500 IRAUSD

2024-03-24 * "Filing taxes for 2023"
  Expenses:Taxes:Y2023:US:Federal                  598.14 USD
  Expenses:Taxes:Y2023:US:State                    179.64 USD
  Liabilities:AccountsPayable                     -777.78 USD

2024-03-24 * "STATE TAX & FINANC PYMT"
  Assets:US:BofA:Checking                         -179.64 USD
  Liabilities:AccountsPayable                      179.64 USD

2024-03-25 * "FEDERAL TAXPYMT"
  Assets:US:BofA:Checking                         -598.14 USD
  Liabilities:AccountsPayable                      598.14 USD

** Tax Year 2024

2024-01-01 open Expenses:Taxes:Y2024:US:Federal:PreTax401k      IRAUSD
2024-01-01 open Expenses:Taxes:Y2024:US:Medicare                USD
2024-01-01 open Expenses:Taxes:Y2024:US:Federal                 USD
2024-01-01 open Expenses:Taxes:Y2024:US:CityNYC                 USD
2024-01-01 open Expenses:Taxes:Y2024:US:SDI                     USD
2024-01-01 open Expenses:Taxes:Y2024:US:State                   USD
2024-01-01 open Expenses:Taxes:Y2024:US:SocSec                  USD

2024-01-01 balance Assets:US:Federal:PreTax401k         0 IRAUSD

2024-01-01 * "Allowed contributions for one year"
  Income:US:Federal:PreTax401k                     -18500 IRAUSD
  Assets:US:Federal:PreTax401k                      18500 IRAUSD

2025-01-01 open Expenses:Taxes:Y2025:US:Federal:PreTax401k      IRAUSD
2025-01-01 open Expenses:Taxes:Y2025:US:Medicare                USD
2025-01-01 open Expenses:Taxes:Y2025:US:Federal                 USD
2025-01-01 open Expenses:Taxes:Y2025:US:CityNYC                 USD
2025-01-01 open Expenses:Taxes:Y2025:US:SDI                     USD
2025-01-01 open Expenses:Taxes:Y2025:US:State                   USD
2025-01-01 open Expenses:Taxes:Y2025:US:SocSec                  USD

2025-01-01 balance Assets:US:Federal:PreTax401k         0 IRAUSD

2025-01-01 * "Allowed contributions for one year"
  Income:US:Federal:PreTax401k                     -18500 IRAUSD
  Assets:US:Federal:PreTax401k                      18500 IRAUSD

1980-05-12 open Expenses:Food:Groceries
1980-05-12 open Expenses:Food:Restaurant
1980-05-12 open Expenses:Food:Coffee
1980-05-12 open Expenses:Food:Alcohol
1980-05-12 open Expenses:Transport:Tram
1980-05-12 open Expenses:Home:Rent
1980-05-12 open Expenses:Home:Electricity
1980-05-12 open Expenses:Home:Internet
1980-05-12 open Expenses:Home:Phone
1980-05-12 open Expenses:Financial:Fees
1980-05-12 open Expenses:Financial:Commissions

2023-01-06 price VBMPX                             150.47 USD
2023-01-06 price RGAGX                              55.58 USD
2023-01-06 price ITOT                               93.12 USD
2023-01-06 price VEA                               180.02 USD
2023-01-06 price VHT                               107.32 USD
2023-01-06 price GLD                                66.17 USD
2023-01-13 price VBMPX                             152.06 USD
2023-01-13 price RGAGX                              55.95 USD
2023-01-13 price ITOT                               92.28 USD
2023-01-13 price VEA                               183.58 USD
2023-01-13 price VHT                               107.81 USD
2023-01-13 price GLD                                67.53 USD
2023-01-20 price VBMPX                             149.99 USD
2023-01-20 price RGAGX                              55.85 USD
2023-01-20 price ITOT                               90.69 USD
2023-01-20 price VEA                               186.77 USD
2023-01-20 price VHT                               108.35 USD
2023-01-20 price GLD                                66.42 USD
2023-01-27 price VBMPX                             150.00 USD
2023-01-27 price RGAGX                              56.25 USD
2023-01-27 price ITOT                               91.43 USD
2023-01-27 price VEA                               189.82 USD
2023-01-27 price VHT                               108.21 USD
2023-01-27 price GLD                                69.11 USD
2023-02-03 price VBMPX                             152.71 USD
2023-02-03 price RGAGX                              55.65 USD
2023-02-03 price ITOT                               91.68 USD
2023-02-03 price VEA                               189.45 USD
2023-02-03 price VHT                               106.77 USD
2023-02-03 price GLD                                69.55 USD
2023-02-10 price VBMPX                             153.65 USD
2023-02-10 price RGAGX                              55.23 USD
2023-02-10 price ITOT                               91.15 USD
2023-02-10 price VEA                               194.97 USD
2023-02-10 price VHT                               107.16 USD
2023-02-10 price GLD                                69.95 USD
2023-02-17 price VBMPX                             151.96 USD
2023-02-17 price RGAGX                              55.39 USD
2023-02-17 price ITOT                               92.59 USD
2023-02-17 price VEA                               187.00 USD
2023-02-17 price VHT                               109.10 USD
2023-02-17 price GLD                                68.19 USD
2023-02-24 price VBMPX                             152.68 USD
2023-02-24 price RGAGX                              55.30 USD
2023-02-24 price ITOT                               93.13 USD
2023-02-24 price VEA                               192.87 USD
2023-02-24 price VHT                               108.46 USD
2023-02-24 price GLD                                67.47 USD
2023-03-03 price VBMPX                             151.72 USD
2023-03-03 price RGAGX                              55.80 USD
2023-03-03 price ITOT                               94.77 USD
2023-03-03 price VEA                               195.74 USD
2023-03-03 price VHT                               109.05 USD
2023-03-03 price GLD                                67.30 USD
2023-03-10 price VBMPX                             153.48 USD
2023-03-10 price RGAGX                              54.82 USD
2023-03-10 price ITOT                               92.74 USD
2023-03-10 price VEA                               191.58 USD
2023-03-10 price VHT                               109.24 USD
2023-03-10 price GLD                                68.29 USD
2023-03-17 price VBMPX                             153.67 USD
2023-03-17 price RGAGX                              54.72 USD
2023-03-17 price ITOT                               92.74 USD
2023-03-17 price VEA                               195.78 USD
2023-03-17 price VHT                               110.43 USD
2023-03-17 price GLD                                69.05 USD
2023-03-24 price VBMPX                             148.33 USD
2023-03-24 price RGAGX                              54.50 USD
2023-03-24 price ITOT                               93.69 USD
2023-03-24 price VEA                               195.60 USD
2023-03-24 price VHT                               110.83 USD
2023-03-24 price GLD                                68.50 USD
2023-03-31 price VBMPX                             145.47 USD
2023-03-31 price RGAGX                              54.49 USD
2023-03-31 price ITOT                               93.97 USD
2023-03-31 price VEA                               194.91 USD
2023-03-31 price VHT                               108.93 USD
2023-03-31 price GLD                                69.31 USD
2023-04-07 price VBMPX                             147.85 USD
2023-04-07 price RGAGX                              54.23 USD
2023-04-07 price ITOT                               95.26 USD
2023-04-07 price VEA                               193.08 USD
2023-04-07 price VHT                               109.63 USD
2023-04-07 price GLD                                69.54 USD
2023-04-14 price VBMPX                             146.79 USD
2023-04-14 price RGAGX                              53.86 USD
2023-04-14 price ITOT                               96.93 USD
2023-04-14 price VEA                               190.49 USD
2023-04-14 price VHT                               109.76 USD
2023-04-14 price GLD                                69.85 USD
2023-04-21 price VBMPX                             147.60 USD
2023-04-21 price RGAGX                              53.07 USD
2023-04-21 price ITOT                               97.15 USD
2023-04-21 price VEA                               184.25 USD
2023-04-21 price VHT                               109.26 USD
2023-04-21 price GLD                                68.19 USD
2023-04-28 price VBMPX                             148.91 USD
2023-04-28 price RGAGX                              53.25 USD
2023-04-28 price ITOT                               98.52 USD
2023-04-28 price VEA                               183.50 USD
2023-04-28 price VHT                               109.82 USD
2023-04-28 price GLD                                68.27 USD
2023-05-05 price VBMPX                             150.59 USD
2023-05-05 price RGAGX                              53.41 USD
2023-05-05 price ITOT                              100.10 USD
2023-05-05 price VEA                               194.37 USD
2023-05-05 price VHT                               109.48 USD
2023-05-05 price GLD                                69.41 USD
2023-05-12 price VBMPX                             149.10 USD
2023-05-12 price RGAGX                              53.58 USD
2023-05-12 price ITOT                               99.52 USD
2023-05-12 price VEA                               190.88 USD
2023-05-12 price VHT                               110.25 USD
2023-05-12 price GLD                                69.85 USD
2023-05-19 price VBMPX                             144.72 USD
2023-05-19 price RGAGX                              53.89 USD
2023-05-19 price ITOT                               97.85 USD
2023-05-19 price VEA                               191.28 USD
2023-05-19 price VHT                               111.41 USD
2023-05-19 price GLD                                70.48 USD
2023-05-26 price VBMPX                             146.39 USD
2023-05-26 price RGAGX                              53.10 USD
2023-05-26 price ITOT                               97.12 USD
2023-05-26 price VEA                               190.54 USD
2023-05-26 price VHT                               110.58 USD
2023-05-26 price GLD                                70.34 USD
2023-06-02 price VBMPX                             147.73 USD
2023-06-02 price RGAGX                              52.70 USD
2023-06-02 price ITOT                               98.53 USD
2023-06-02 price VEA                               185.59 USD
2023-06-02 price VHT                               111.20 USD
2023-06-02 price GLD                                67.38 USD
2023-06-09 price VBMPX                             147.52 USD
2023-06-09 price RGAGX                              52.69 USD
2023-06-09 price ITOT                               98.75 USD
2023-06-09 price VEA                               183.54 USD
2023-06-09 price VHT                               110.37 USD
2023-06-09 price GLD                                67.97 USD
2023-06-16 price VBMPX                             150.05 USD
2023-06-16 price RGAGX                              51.84 USD
2023-06-16 price ITOT                               99.17 USD
2023-06-16 price VEA                               181.84 USD
2023-06-16 price VHT                               108.48 USD
2023-06-16 price GLD                                67.81 USD
2023-06-23 price VBMPX                             148.78 USD
2023-06-23 price RGAGX                              52.55 USD
2023-06-23 price ITOT                               99.68 USD
2023-06-23 price VEA                               181.53 USD
2023-06-23 price VHT                               109.24 USD
2023-06-23 price GLD                                68.90 USD
2023-06-30 price VBMPX                             152.49 USD
2023-06-30 price RGAGX                              51.98 USD
2023-06-30 price ITOT                               99.84 USD
2023-06-30 price VEA                               188.08 USD
2023-06-30 price VHT                               112.17 USD
2023-06-30 price GLD                                68.88 USD
2023-07-07 price VBMPX                             153.84 USD
2023-07-07 price RGAGX                              51.81 USD
2023-07-07 price ITOT                               99.61 USD
2023-07-07 price VEA                               186.77 USD
2023-07-07 price VHT                               113.74 USD
2023-07-07 price GLD                                67.07 USD
2023-07-14 price VBMPX                             152.36 USD
2023-07-14 price RGAGX                              52.29 USD
2023-07-14 price ITOT                               98.53 USD
2023-07-14 price VEA                               186.04 USD
2023-07-14 price VHT                               114.72 USD
2023-07-14 price GLD                                67.10 USD
2023-07-21 price VBMPX                             153.07 USD
2023-07-21 price RGAGX                              52.73 USD
2023-07-21 price ITOT                               98.68 USD
2023-07-21 price VEA                               189.53 USD
2023-07-21 price VHT                               114.33 USD
2023-07-21 price GLD                                67.10 USD
2023-07-28 price VBMPX                             155.51 USD
2023-07-28 price RGAGX                              51.64 USD
2023-07-28 price ITOT                              100.35 USD
2023-07-28 price VEA                               192.21 USD
2023-07-28 price VHT                               114.54 USD
2023-07-28 price GLD                                66.52 USD
2023-08-04 price VBMPX                             156.63 USD
2023-08-04 price RGAGX                              51.66 USD
2023-08-04 price ITOT                               99.49 USD
2023-08-04 price VEA                               193.34 USD
2023-08-04 price VHT                               112.87 USD
2023-08-04 price GLD                                66.23 USD
2023-08-11 price VBMPX                             155.06 USD
2023-08-11 price RGAGX                              50.43 USD
2023-08-11 price ITOT                               98.76 USD
2023-08-11 price VEA                               198.35 USD
2023-08-11 price VHT                               112.51 USD
2023-08-11 price GLD                                65.79 USD
2023-08-18 price VBMPX                             154.16 USD
2023-08-18 price RGAGX                              51.67 USD
2023-08-18 price ITOT                               99.34 USD
2023-08-18 price VEA                               195.21 USD
2023-08-18 price VHT                               113.14 USD
2023-08-18 price GLD                                65.01 USD
2023-08-25 price VBMPX                             153.26 USD
2023-08-25 price RGAGX                              52.18 USD
2023-08-25 price ITOT                               98.47 USD
2023-08-25 price VEA                               192.68 USD
2023-08-25 price VHT                               111.71 USD
2023-08-25 price GLD                                63.66 USD
2023-09-01 price VBMPX                             150.69 USD
2023-09-01 price RGAGX                              51.61 USD
2023-09-01 price ITOT                               97.18 USD
2023-09-01 price VEA                               185.51 USD
2023-09-01 price VHT                               111.40 USD
2023-09-01 price GLD                                63.58 USD
2023-09-08 price VBMPX                             151.07 USD
2023-09-08 price RGAGX                              51.72 USD
2023-09-08 price ITOT                               97.13 USD
2023-09-08 price VEA                               190.15 USD
2023-09-08 price VHT                               108.71 USD
2023-09-08 price GLD                                63.34 USD
2023-09-15 price VBMPX                             150.91 USD
2023-09-15 price RGAGX                              52.51 USD
2023-09-15 price ITOT                               98.44 USD
2023-09-15 price VEA                               183.11 USD
2023-09-15 price VHT                               108.57 USD
2023-09-15 price GLD                                63.63 USD
2023-09-22 price VBMPX                             151.75 USD
2023-09-22 price RGAGX                              51.97 USD
2023-09-22 price ITOT                              100.48 USD
2023-09-22 price VEA                               187.62 USD
2023-09-22 price VHT                               110.57 USD
2023-09-22 price GLD                                63.63 USD
2023-09-29 price VBMPX                             151.02 USD
2023-09-29 price RGAGX                              52.04 USD
2023-09-29 price ITOT                               99.43 USD
2023-09-29 price VEA                               185.66 USD
2023-09-29 price VHT                               110.65 USD
2023-09-29 price GLD                                64.55 USD
2023-10-06 price VBMPX                             153.13 USD
2023-10-06 price RGAGX                              52.47 USD
2023-10-06 price ITOT                               99.66 USD
2023-10-06 price VEA                               187.16 USD
2023-10-06 price VHT                               110.73 USD
2023-10-06 price GLD                                64.85 USD
2023-10-13 price VBMPX                             154.59 USD
2023-10-13 price RGAGX                              51.51 USD
2023-10-13 price ITOT                              101.33 USD
2023-10-13 price VEA                               182.56 USD
2023-10-13 price VHT                               111.88 USD
2023-10-13 price GLD                                64.71 USD
2023-10-20 price VBMPX                             152.28 USD
2023-10-20 price RGAGX                              51.62 USD
2023-10-20 price ITOT                              102.35 USD
2023-10-20 price VEA                               182.71 USD
2023-10-20 price VHT                               115.20 USD
2023-10-20 price GLD                                65.55 USD
2023-10-27 price VBMPX                             148.16 USD
2023-10-27 price RGAGX                              51.90 USD
2023-10-27 price ITOT                              102.20 USD
2023-10-27 price VEA                               180.24 USD
2023-10-27 price VHT                               113.32 USD
2023-10-27 price GLD                                64.63 USD
2023-11-03 price VBMPX                             148.27 USD
2023-11-03 price RGAGX                              52.74 USD
2023-11-03 price ITOT                              102.41 USD
2023-11-03 price VEA                               183.67 USD
2023-11-03 price VHT                               112.73 USD
2023-11-03 price GLD                                65.99 USD
2023-11-10 price VBMPX                             149.38 USD
2023-11-10 price RGAGX                              52.76 USD
2023-11-10 price ITOT                              103.41 USD
2023-11-10 price VEA                               186.63 USD
2023-11-10 price VHT                               113.26 USD
2023-11-10 price GLD                                65.52 USD
2023-11-17 price VBMPX                             148.53 USD
2023-11-17 price RGAGX                              52.32 USD
2023-11-17 price ITOT                              103.05 USD
2023-11-17 price VEA                               185.74 USD
2023-11-17 price VHT                               112.62 USD
2023-11-17 price GLD                                66.44 USD
2023-11-24 price VBMPX                             153.74 USD
2023-11-24 price RGAGX                              52.91 USD
2023-11-24 price ITOT                              105.42 USD
2023-11-24 price VEA                               181.96 USD
2023-11-24 price VHT                               114.58 USD
2023-11-24 price GLD                                65.77 USD
2023-12-01 price VBMPX                             158.13 USD
2023-12-01 price RGAGX                              53.61 USD
2023-12-01 price ITOT                              105.97 USD
2023-12-01 price VEA                               184.69 USD
2023-12-01 price VHT                               114.42 USD
2023-12-01 price GLD                                66.47 USD
2023-12-08 price VBMPX                             158.18 USD
2023-12-08 price RGAGX                              53.83 USD
2023-12-08 price ITOT                              105.90 USD
2023-12-08 price VEA                               179.72 USD
2023-12-08 price VHT                               115.31 USD
2023-12-08 price GLD                                65.62 USD
2023-12-15 price VBMPX                             156.62 USD
2023-12-15 price RGAGX                              53.65 USD
2023-12-15 price ITOT                              105.49 USD
2023-12-15 price VEA                               178.70 USD
2023-12-15 price VHT                               115.35 USD
2023-12-15 price GLD                                64.50 USD
2023-12-22 price VBMPX                             156.33 USD
2023-12-22 price RGAGX                              53.26 USD
2023-12-22 price ITOT                              105.67 USD
2023-12-22 price VEA                               176.99 USD
2023-12-22 price VHT                               115.26 USD
2023-12-22 price GLD                                65.14 USD
2023-12-29 price VBMPX                             154.16 USD
2023-12-29 price RGAGX                              52.88 USD
2023-12-29 price ITOT                              104.67 USD
2023-12-29 price VEA                               177.74 USD
2023-12-29 price VHT                               114.34 USD
2023-12-29 price GLD                                66.05 USD
2024-01-05 price VBMPX                             152.16 USD
2024-01-05 price RGAGX                              51.51 USD
2024-01-05 price ITOT                              103.45 USD
2024-01-05 price VEA                               178.49 USD
2024-01-05 price VHT                               113.02 USD
2024-01-05 price GLD                                64.48 USD
2024-01-12 price VBMPX                             155.17 USD
2024-01-12 price RGAGX                              52.93 USD
2024-01-12 price ITOT                              104.07 USD
2024-01-12 price VEA                               182.84 USD
2024-01-12 price VHT                               112.42 USD
2024-01-12 price GLD                                63.11 USD
2024-01-19 price VBMPX                             154.05 USD
2024-01-19 price RGAGX                              53.18 USD
2024-01-19 price ITOT                              105.25 USD
2024-01-19 price VEA                               181.28 USD
2024-01-19 price VHT                               111.14 USD
2024-01-19 price GLD                                63.43 USD
2024-01-26 price VBMPX                             153.77 USD
2024-01-26 price RGAGX                              53.70 USD
2024-01-26 price ITOT                              104.34 USD
2024-01-26 price VEA                               184.19 USD
2024-01-26 price VHT                               111.61 USD
2024-01-26 price GLD                                64.52 USD
2024-02-02 price VBMPX                             155.45 USD
2024-02-02 price RGAGX                              51.62 USD
2024-02-02 price ITOT                              104.81 USD
2024-02-02 price VEA                               178.48 USD
2024-02-02 price VHT                               112.09 USD
2024-02-02 price GLD                                64.03 USD
2024-02-09 price VBMPX                             156.89 USD
2024-02-09 price RGAGX                              52.47 USD
2024-02-09 price ITOT                              105.96 USD
2024-02-09 price VEA                               187.51 USD
2024-02-09 price VHT                               112.06 USD
2024-02-09 price GLD                                63.30 USD
2024-02-16 price VBMPX                             157.57 USD
2024-02-16 price RGAGX                              51.02 USD
2024-02-16 price ITOT                              107.28 USD
2024-02-16 price VEA                               191.13 USD
2024-02-16 price VHT                               110.51 USD
2024-02-16 price GLD                                64.53 USD
2024-02-23 price VBMPX                             157.63 USD
2024-02-23 price RGAGX                              49.94 USD
2024-02-23 price ITOT                              105.78 USD
2024-02-23 price VEA                               190.36 USD
2024-02-23 price VHT                               112.55 USD
2024-02-23 price GLD                                65.02 USD
2024-03-01 price VBMPX                             153.43 USD
2024-03-01 price RGAGX                              50.13 USD
2024-03-01 price ITOT                              105.68 USD
2024-03-01 price VEA                               192.40 USD
2024-03-01 price VHT                               112.35 USD
2024-03-01 price GLD                                64.95 USD
2024-03-08 price VBMPX                             153.87 USD
2024-03-08 price RGAGX                              50.21 USD
2024-03-08 price ITOT                              108.21 USD
2024-03-08 price VEA                               189.99 USD
2024-03-08 price VHT                               112.30 USD
2024-03-08 price GLD                                63.30 USD
2024-03-15 price VBMPX                             153.52 USD
2024-03-15 price RGAGX                              51.25 USD
2024-03-15 price ITOT                              106.95 USD
2024-03-15 price VEA                               193.32 USD
2024-03-15 price VHT                               113.18 USD
2024-03-15 price GLD                                62.75 USD
2024-03-22 price VBMPX                             151.53 USD
2024-03-22 price RGAGX                              51.29 USD
2024-03-22 price ITOT                              107.89 USD
2024-03-22 price VEA                               192.34 USD
2024-03-22 price VHT                               114.11 USD
2024-03-22 price GLD                                63.77 USD
2024-03-29 price VBMPX                             151.66 USD
2024-03-29 price RGAGX                              51.64 USD
2024-03-29 price ITOT                              108.92 USD
2024-03-29 price VEA                               189.29 USD
2024-03-29 price VHT                               113.04 USD
2024-03-29 price GLD                                64.88 USD
2024-04-05 price VBMPX                             150.19 USD
2024-04-05 price RGAGX                              52.69 USD
2024-04-05 price ITOT                              109.20 USD
2024-04-05 price VEA                               189.03 USD
2024-04-05 price VHT                               114.03 USD
2024-04-05 price GLD                                63.25 USD
2024-04-12 price VBMPX                             151.19 USD
2024-04-12 price RGAGX                              53.24 USD
2024-04-12 price ITOT                              107.64 USD
2024-04-12 price VEA                               189.47 USD
2024-04-12 price VHT                               115.02 USD
2024-04-12 price GLD                                62.09 USD
2024-04-19 price VBMPX                             151.46 USD
2024-04-19 price RGAGX                              53.82 USD
2024-04-19 price ITOT                              106.19 USD
2024-04-19 price VEA                               191.27 USD
2024-04-19 price VHT                               115.19 USD
2024-04-19 price GLD                                61.98 USD
2024-04-26 price VBMPX                             149.56 USD
2024-04-26 price RGAGX                              53.30 USD
2024-04-26 price ITOT                              107.74 USD
2024-04-26 price VEA                               188.77 USD
2024-04-26 price VHT                               116.41 USD
2024-04-26 price GLD                                60.79 USD
2024-05-03 price VBMPX                             149.24 USD
2024-05-03 price RGAGX                              54.59 USD
2024-05-03 price ITOT                              108.11 USD
2024-05-03 price VEA                               193.52 USD
2024-05-03 price VHT                               115.63 USD
2024-05-03 price GLD                                59.85 USD
2024-05-10 price VBMPX                             153.62 USD
2024-05-10 price RGAGX                              54.08 USD
2024-05-10 price ITOT                              108.46 USD
2024-05-10 price VEA                               193.34 USD
2024-05-10 price VHT                               117.16 USD
2024-05-10 price GLD                                59.79 USD
2024-05-17 price VBMPX                             152.27 USD
2024-05-17 price RGAGX                              53.34 USD
2024-05-17 price ITOT                              108.15 USD
2024-05-17 price VEA                               190.80 USD
2024-05-17 price VHT                               117.26 USD
2024-05-17 price GLD                                59.96 USD
2024-05-24 price VBMPX                             153.96 USD
2024-05-24 price RGAGX                              53.07 USD
2024-05-24 price ITOT                              107.30 USD
2024-05-24 price VEA                               193.44 USD
2024-05-24 price VHT                               117.13 USD
2024-05-24 price GLD                                59.19 USD
2024-05-31 price VBMPX                             156.35 USD
2024-05-31 price RGAGX                              52.59 USD
2024-05-31 price ITOT                              106.47 USD
2024-05-31 price VEA                               186.70 USD
2024-05-31 price VHT                               117.28 USD
2024-05-31 price GLD                                60.19 USD
2024-06-07 price VBMPX                             154.67 USD
2024-06-07 price RGAGX                              53.77 USD
2024-06-07 price ITOT                              106.45 USD
2024-06-07 price VEA                               189.08 USD
2024-06-07 price VHT                               118.41 USD
2024-06-07 price GLD                                61.65 USD
2024-06-14 price VBMPX                             154.41 USD
2024-06-14 price RGAGX                              54.16 USD
2024-06-14 price ITOT                              106.70 USD
2024-06-14 price VEA                               188.53 USD
2024-06-14 price VHT                               118.81 USD
2024-06-14 price GLD                                60.36 USD
2024-06-21 price VBMPX                             152.91 USD
2024-06-21 price RGAGX                              53.96 USD
2024-06-21 price ITOT                              106.77 USD
2024-06-21 price VEA                               189.77 USD
2024-06-21 price VHT                               119.14 USD
2024-06-21 price GLD                                59.26 USD
2024-06-28 price VBMPX                             149.44 USD
2024-06-28 price RGAGX                              54.37 USD
2024-06-28 price ITOT                              107.84 USD
2024-06-28 price VEA                               188.10 USD
2024-06-28 price VHT                               118.26 USD
2024-06-28 price GLD                                58.62 USD
2024-07-05 price VBMPX                             149.31 USD
2024-07-05 price RGAGX                              54.69 USD
2024-07-05 price ITOT                              109.09 USD
2024-07-05 price VEA                               189.05 USD
2024-07-05 price VHT                               118.34 USD
2024-07-05 price GLD                                58.20 USD
2024-07-12 price VBMPX                             152.62 USD
2024-07-12 price RGAGX                              54.49 USD
2024-07-12 price ITOT                              108.86 USD
2024-07-12 price VEA                               187.17 USD
2024-07-12 price VHT                               119.42 USD
2024-07-12 price GLD                                57.03 USD
2024-07-19 price VBMPX                             152.57 USD
2024-07-19 price RGAGX                              54.48 USD
2024-07-19 price ITOT                              108.24 USD
2024-07-19 price VEA                               178.05 USD
2024-07-19 price VHT                               121.62 USD
2024-07-19 price GLD                                58.05 USD
2024-07-26 price VBMPX                             149.99 USD
2024-07-26 price RGAGX                              55.60 USD
2024-07-26 price ITOT                              108.67 USD
2024-07-26 price VEA                               185.53 USD
2024-07-26 price VHT                               121.05 USD
2024-07-26 price GLD                                57.74 USD
2024-08-02 price VBMPX                             153.62 USD
2024-08-02 price RGAGX                              55.53 USD
2024-08-02 price ITOT                              110.30 USD
2024-08-02 price VEA                               181.74 USD
2024-08-02 price VHT                               122.38 USD
2024-08-02 price GLD                                57.37 USD
2024-08-09 price VBMPX                             151.31 USD
2024-08-09 price RGAGX                              55.67 USD
2024-08-09 price ITOT                              108.65 USD
2024-08-09 price VEA                               184.74 USD
2024-08-09 price VHT                               123.58 USD
2024-08-09 price GLD                                56.40 USD
2024-08-16 price VBMPX                             153.90 USD
2024-08-16 price RGAGX                              55.37 USD
2024-08-16 price ITOT                              109.90 USD
2024-08-16 price VEA                               182.38 USD
2024-08-16 price VHT                               125.37 USD
2024-08-16 price GLD                                55.46 USD
2024-08-23 price VBMPX                             154.76 USD
2024-08-23 price RGAGX                              55.49 USD
2024-08-23 price ITOT                              109.68 USD
2024-08-23 price VEA                               182.32 USD
2024-08-23 price VHT                               124.12 USD
2024-08-23 price GLD                                54.93 USD
2024-08-30 price VBMPX                             153.58 USD
2024-08-30 price RGAGX                              56.38 USD
2024-08-30 price ITOT                              109.27 USD
2024-08-30 price VEA                               188.55 USD
2024-08-30 price VHT                               124.77 USD
2024-08-30 price GLD                                55.60 USD
2024-09-06 price VBMPX                             153.93 USD
2024-09-06 price RGAGX                              56.14 USD
2024-09-06 price ITOT                              108.30 USD
2024-09-06 price VEA                               184.93 USD
2024-09-06 price VHT                               125.21 USD
2024-09-06 price GLD                                54.40 USD
2024-09-13 price VBMPX                             156.60 USD
2024-09-13 price RGAGX                              58.01 USD
2024-09-13 price ITOT                              107.04 USD
2024-09-13 price VEA                               184.41 USD
2024-09-13 price VHT                               125.60 USD
2024-09-13 price GLD                                53.53 USD
2024-09-20 price VBMPX                             156.46 USD
2024-09-20 price RGAGX                              56.96 USD
2024-09-20 price ITOT                              107.27 USD
2024-09-20 price VEA                               177.84 USD
2024-09-20 price VHT                               126.10 USD
2024-09-20 price GLD                                53.86 USD
2024-09-27 price VBMPX                             158.10 USD
2024-09-27 price RGAGX                              58.13 USD
2024-09-27 price ITOT                              107.73 USD
2024-09-27 price VEA                               177.64 USD
2024-09-27 price VHT                               127.06 USD
2024-09-27 price GLD                                52.14 USD
2024-10-04 price VBMPX                             155.15 USD
2024-10-04 price RGAGX                              60.52 USD
2024-10-04 price ITOT                              107.16 USD
2024-10-04 price VEA                               181.06 USD
2024-10-04 price VHT                               126.52 USD
2024-10-04 price GLD                                52.45 USD
2024-10-11 price VBMPX                             154.41 USD
2024-10-11 price RGAGX                              61.32 USD
2024-10-11 price ITOT                              106.75 USD
2024-10-11 price VEA                               176.40 USD
2024-10-11 price VHT                               126.78 USD
2024-10-11 price GLD                                53.55 USD
2024-10-18 price VBMPX                             153.14 USD
2024-10-18 price RGAGX                              60.58 USD
2024-10-18 price ITOT                              107.36 USD
2024-10-18 price VEA                               177.86 USD
2024-10-18 price VHT                               127.16 USD
2024-10-18 price GLD                                53.89 USD
2024-10-25 price VBMPX                             152.17 USD
2024-10-25 price RGAGX                              60.11 USD
2024-10-25 price ITOT                              108.38 USD
2024-10-25 price VEA                               173.02 USD
2024-10-25 price VHT                               126.25 USD
2024-10-25 price GLD                                55.58 USD
2024-11-01 price VBMPX                             150.80 USD
2024-11-01 price RGAGX                              58.60 USD
2024-11-01 price ITOT                              108.33 USD
2024-11-01 price VEA                               173.10 USD
2024-11-01 price VHT                               128.58 USD
2024-11-01 price GLD                                55.23 USD
2024-11-08 price VBMPX                             150.62 USD
2024-11-08 price RGAGX                              58.81 USD
2024-11-08 price ITOT                              110.04 USD
2024-11-08 price VEA                               171.92 USD
2024-11-08 price VHT                               129.23 USD
2024-11-08 price GLD                                54.78 USD
2024-11-15 price VBMPX                             149.95 USD
2024-11-15 price RGAGX                              59.59 USD
2024-11-15 price ITOT                              108.21 USD
2024-11-15 price VEA                               171.61 USD
2024-11-15 price VHT                               128.74 USD
2024-11-15 price GLD                                54.69 USD
2024-11-22 price VBMPX                             148.37 USD
2024-11-22 price RGAGX                              59.49 USD
2024-11-22 price ITOT                              110.28 USD
2024-11-22 price VEA                               172.42 USD
2024-11-22 price VHT                               129.14 USD
2024-11-22 price GLD                                55.97 USD
2024-11-29 price VBMPX                             148.94 USD
2024-11-29 price RGAGX                              59.30 USD
2024-11-29 price ITOT                              110.13 USD
2024-11-29 price VEA                               170.79 USD
2024-11-29 price VHT                               129.27 USD
2024-11-29 price GLD                                55.33 USD
2024-12-06 price VBMPX                             147.85 USD
2024-12-06 price RGAGX                              60.80 USD
2024-12-06 price ITOT                              110.18 USD
2024-12-06 price VEA                               171.61 USD
2024-12-06 price VHT                               128.17 USD
2024-12-06 price GLD                                55.09 USD
2024-12-13 price VBMPX                             148.79 USD
2024-12-13 price RGAGX                              60.38 USD
2024-12-13 price ITOT                              109.53 USD
2024-12-13 price VEA                               168.10 USD
2024-12-13 price VHT                               128.97 USD
2024-12-13 price GLD                                55.10 USD
2024-12-20 price VBMPX                             145.36 USD
2024-12-20 price RGAGX                              61.62 USD
2024-12-20 price ITOT                              111.89 USD
2024-12-20 price VEA                               175.17 USD
2024-12-20 price VHT                               127.42 USD
2024-12-20 price GLD                                54.49 USD
2024-12-27 price VBMPX                             148.01 USD
2024-12-27 price RGAGX                              62.16 USD
2024-12-27 price ITOT                              111.51 USD
2024-12-27 price VEA                               178.11 USD
2024-12-27 price VHT                               125.02 USD
2024-12-27 price GLD                                54.65 USD
2025-01-03 price VBMPX                             149.32 USD
2025-01-03 price RGAGX                              61.03 USD
2025-01-03 price ITOT                              112.51 USD
2025-01-03 price VEA                               179.36 USD
2025-01-03 price VHT                               123.59 USD
2025-01-03 price GLD                                53.82 USD
2025-01-10 price VBMPX                             148.71 USD
2025-01-10 price RGAGX                              60.74 USD
2025-01-10 price ITOT                              112.45 USD
2025-01-10 price VEA                               184.71 USD
2025-01-10 price VHT                               122.73 USD
2025-01-10 price GLD                                53.70 USD
2025-01-17 price VBMPX                             150.84 USD
2025-01-17 price RGAGX                              60.78 USD
2025-01-17 price ITOT                              114.47 USD
2025-01-17 price VEA                               188.52 USD
2025-01-17 price VHT                               122.59 USD
2025-01-17 price GLD                                54.52 USD
2025-01-24 price VBMPX                             147.14 USD
2025-01-24 price RGAGX                              60.73 USD
2025-01-24 price ITOT                              114.50 USD
2025-01-24 price VEA                               188.35 USD
2025-01-24 price VHT                               122.51 USD
2025-01-24 price GLD                                55.67 USD
2025-01-31 price VBMPX                             147.33 USD
2025-01-31 price RGAGX                              60.17 USD
2025-01-31 price ITOT                              115.96 USD
2025-01-31 price VEA                               196.00 USD
2025-01-31 price VHT                               121.30 USD
2025-01-31 price GLD                                56.27 USD
2025-02-07 price VBMPX                             148.78 USD
2025-02-07 price RGAGX                              60.56 USD
2025-02-07 price ITOT                              115.25 USD
2025-02-07 price VEA                               193.74 USD
2025-02-07 price VHT                               121.86 USD
2025-02-07 price GLD                                56.62 USD
2025-02-14 price VBMPX                             145.88 USD
2025-02-14 price RGAGX                              60.85 USD
2025-02-14 price ITOT                              114.16 USD
2025-02-14 price VEA                               194.84 USD
2025-02-14 price VHT                               120.74 USD
2025-02-14 price GLD                                57.28 USD
2025-02-21 price VBMPX                             144.54 USD
2025-02-21 price RGAGX                              61.97 USD
2025-02-21 price ITOT                              114.75 USD
2025-02-21 price VEA                               198.28 USD
2025-02-21 price VHT                               120.13 USD
2025-02-21 price GLD                                55.90 USD
2025-02-28 price VBMPX                             141.48 USD
2025-02-28 price RGAGX                              61.33 USD
2025-02-28 price ITOT                              115.65 USD
2025-02-28 price VEA                               197.70 USD
2025-02-28 price VHT                               120.15 USD
2025-02-28 price GLD                                57.08 USD
2025-03-07 price VBMPX                             144.07 USD
2025-03-07 price RGAGX                              60.98 USD
2025-03-07 price ITOT                              115.67 USD
2025-03-07 price VEA                               195.38 USD
2025-03-07 price VHT                               121.50 USD
2025-03-07 price GLD                                56.11 USD
2025-03-14 price VBMPX                             142.56 USD
2025-03-14 price RGAGX                              59.71 USD
2025-03-14 price ITOT                              115.61 USD
2025-03-14 price VEA                               186.13 USD
2025-03-14 price VHT                               122.46 USD
2025-03-14 price GLD                                55.69 USD



* Cash

; Source: https://raw.githubusercontent.com/ezirmusitua/mcp-demo/8f8d442524cf06fe30c7f09e8a910c7068b35103/test_data/ledger/original.beancount
